{
"id": 92,
"name": "Chocolate",
"order": 11,
"layout": 1,
"published": true,
"categories": [
{
"id": 382,
"name": "Chocolate negro",
"order": 11,
"layout": 2,
"products": [
{
"id": "60722",
"slug": "chocolate-negro-85-cacao-hacendado-tableta",
"limit": 999,
"badges": {
"is_water": false,
"requires_age_check": false
},
"packaging": "Tableta",
"published": true,
"share_url": "https://tienda.mercadona.es/product/60722/chocolate-negro-85-cacao-hacendado-tableta",
"thumbnail": "https://prod-mercadona.imgix.net/images/aa3a4cd534eeeb52ad2ddd8fea969c8f.jpg?fit=crop&h=300&w=300",
"categories": [
{
"id": 9,
"name": "Azúcar, caramelos y chocolate",
"level": 0,
"order": 11
}
],
"display_name": "Chocolate negro 85% cacao Hacendado",
"price_instructions": {
"iva": 10,
"is_new": false,
"is_pack": false,
"pack_size": null,
"unit_name": null,
"unit_size": 0.1,
"bulk_price": "10.50",
"unit_price": "1.05",
"approx_size": false,
"size_format": "kg",
"total_units": null,
"unit_selector": true,
"bunch_selector": false,
"drained_weight": null,
"selling_method": 0,
"price_decreased": false,
"reference_price": "10.500",
"min_bunch_amount": 1.0,
"reference_format": "kg",
"increment_bunch_amount": 1.0
}
},
{
"id": "12531",
"slug": "chocolate-negro-fundir-hacendado-tableta",
"limit": 999,
"badges": {
"is_water": false,
"requires_age_check": false
},
"packaging": "Tableta",
"published": true,
"share_url": "https://tienda.mercadona.es/product/12531/chocolate-negro-fundir-hacendado-tableta",
"thumbnail": "https://prod-mercadona.imgix.net/images/c402c82c0caf8ff549ec508651892379.jpg?fit=crop&h=300&w=300",
"categories": [
{
"id": 9,
"name": "Azúcar, caramelos y chocolate",
"level": 0,
"order": 11
}
],
"display_name": "Chocolate negro fundir Hacendado",
"price_instructions": {
"iva": 10,
"is_new": false,
"is_pack": false,
"pack_size": null,
"unit_name": null,
"unit_size": 0.2,
"bulk_price": "4.50",
"unit_price": "0.90",
"approx_size": false,
"size_format": "kg",
"total_units": null,
"unit_selector": true,
"bunch_selector": false,
"drained_weight": null,
"selling_method": 0,
"price_decreased": false,
"reference_price": "4.500",
"min_bunch_amount": 1.0,
"reference_format": "kg",
"increment_bunch_amount": 1.0
}
},
{
"id": "12495",
"slug": "porciones-chocolate-negro-72-cacao-extrafino-hacendado-paquete",
"limit": 999,
"badges": {
"is_water": false,
"requires_age_check": false
},
"packaging": "Paquete",
"published": true,
"share_url": "https://tienda.mercadona.es/product/12495/porciones-chocolate-negro-72-cacao-extrafino-hacendado-paquete",
"thumbnail": "https://prod-mercadona.imgix.net/images/1ac59a6e14625d57dde50095c37d386b.jpg?fit=crop&h=300&w=300",
"categories": [
{
"id": 9,
"name": "Azúcar, caramelos y chocolate",
"level": 0,
"order": 11
}
],
"display_name": "Porciones de Chocolate negro 72% cacao extrafino Hacendado",
"price_instructions": {
"iva": 10,
"is_new": false,
"is_pack": false,
"pack_size": null,
"unit_name": null,
"unit_size": 0.2,
"bulk_price": "10.00",
"unit_price": "2.00",
"approx_size": false,
"size_format": "kg",
"total_units": null,
"unit_selector": true,
"bunch_selector": false,
"drained_weight": null,
"selling_method": 0,
"price_decreased": false,
"reference_price": "10.000",
"min_bunch_amount": 1.0,
"reference_format": "kg",
"increment_bunch_amount": 1.0
}
},
{
"id": "12582",
"slug": "chocolate-negro-extrafino-hacendado-tableta",
"limit": 999,
"badges": {
"is_water": false,
"requires_age_check": false
},
"packaging": "Tableta",
"published": true,
"share_url": "https://tienda.mercadona.es/product/12582/chocolate-negro-extrafino-hacendado-tableta",
"thumbnail": "https://prod-mercadona.imgix.net/images/0214398df72517cf903b166e92e11bca.jpg?fit=crop&h=300&w=300",
"categories": [
{
"id": 9,
"name": "Azúcar, caramelos y chocolate",
"level": 0,
"order": 11
}
],
"display_name": "Chocolate negro extrafino Hacendado",
"price_instructions": {
"iva": 10,
"is_new": false,
"is_pack": false,
"pack_size": null,
"unit_name": null,
"unit_size": 0.15,
"bulk_price": "5.00",
"unit_price": "0.75",
"approx_size": false,
"size_format": "kg",
"total_units": null,
"unit_selector": true,
"bunch_selector": false,
"drained_weight": null,
"selling_method": 0,
"price_decreased": false,
"reference_price": "5.000",
"min_bunch_amount": 1.0,
"reference_format": "kg",
"increment_bunch_amount": 1.0
}
},
{
"id": "12141",
"slug": "chocolate-70-negro-valor-0-azucares-anadidos-tableta",
"limit": 999,
"badges": {
"is_water": false,
"requires_age_check": false
},
"packaging": "Tableta",
"published": true,
"share_url": "https://tienda.mercadona.es/product/12141/chocolate-70-negro-valor-0-azucares-anadidos-tableta",
"thumbnail": "https://prod-mercadona.imgix.net/images/a31ae512911f27da1b4242d03a39896f.jpg?fit=crop&h=300&w=300",
"categories": [
{
"id": 9,
"name": "Azúcar, caramelos y chocolate",
"level": 0,
"order": 11
}
],
"display_name": "Chocolate 70% negro Valor 0% azúcares añadidos",
"price_instructions": {
"iva": 10,
"is_new": false,
"is_pack": false,
"pack_size": null,
"unit_name": null,
"unit_size": 0.125,
"bulk_price": "16.00",
"unit_price": "2.00",
"approx_size": false,
"size_format": "kg",
"total_units": null,
"unit_selector": true,
"bunch_selector": false,
"drained_weight": null,
"selling_method": 0,
"price_decreased": false,
"reference_price": "16.000",
"min_bunch_amount": 1.0,
"reference_format": "kg",
"increment_bunch_amount": 1.0
}
},
{
"id": "22704",
"slug": "chocolate-negro-72-cacao-hacendado-con-pepitas-cacao-caramelizadas-tableta",
"limit": 999,
"badges": {
"is_water": false,
"requires_age_check": false
},
"packaging": "Tableta",
"published": true,
"share_url": "https://tienda.mercadona.es/product/22704/chocolate-negro-72-cacao-hacendado-con-pepitas-cacao-caramelizadas-tableta",
"thumbnail": "https://prod-mercadona.imgix.net/images/1ba54a16b6d6053ac38c4d5a1cef430e.jpg?fit=crop&h=300&w=300",
"categories": [
{
"id": 9,
"name": "Azúcar, caramelos y chocolate",
"level": 0,
"order": 11
}
],
"display_name": "Chocolate negro 72% de cacao Hacendado con pepitas de cacao caramelizadas",
"price_instructions": {
"iva": 10,
"is_new": false,
"is_pack": false,
"pack_size": null,
"unit_name": null,
"unit_size": 0.1,
"bulk_price": "9.00",
"unit_price": "0.90",
"approx_size": false,
"size_format": "kg",
"total_units": null,
"unit_selector": true,
"bunch_selector": false,
"drained_weight": null,
"selling_method": 0,
"price_decreased": false,
"reference_price": "9.000",
"min_bunch_amount": 1.0,
"reference_format": "kg",
"increment_bunch_amount": 1.0
}
},
{
"id": "23773",
"slug": "chocolate-negro-72-cacao-hacendado-tableta",
"limit": 999,
"badges": {
"is_water": false,
"requires_age_check": false
},
"packaging": "Tableta",
"published": true,
"share_url": "https://tienda.mercadona.es/product/23773/chocolate-negro-72-cacao-hacendado-tableta",
"thumbnail": "https://prod-mercadona.imgix.net/images/0a756c531b9150f8cf53ae207177a9df.jpg?fit=crop&h=300&w=300",
"categories": [
{
"id": 9,
"name": "Azúcar, caramelos y chocolate",
"level": 0,
"order": 11
}
],
"display_name": "Chocolate negro 72% de cacao Hacendado",
"price_instructions": {
"iva": 10,
"is_new": false,
"is_pack": false,
"pack_size": null,
"unit_name": null,
"unit_size": 0.1,
"bulk_price": "7.50",
"unit_price": "0.75",
"approx_size": false,
"size_format": "kg",
"total_units": null,
"unit_selector": true,
"bunch_selector": false,
"drained_weight": null,
"selling_method": 0,
"price_decreased": false,
"reference_price": "7.500",
"min_bunch_amount": 1.0,
"reference_format": "kg",
"increment_bunch_amount": 1.0
}
},
{
"id": "12481",
"slug": "chocolate-negro-extrafino-hacendado-con-almendras-enteras-tableta",
"limit": 999,
"badges": {
"is_water": false,
"requires_age_check": false
},
"packaging": "Tableta",
"published": true,
"share_url": "https://tienda.mercadona.es/product/12481/chocolate-negro-extrafino-hacendado-con-almendras-enteras-tableta",
"thumbnail": "https://prod-mercadona.imgix.net/images/2686e2e7d35350a9c270540115e8f4df.jpg?fit=crop&h=300&w=300",
"categories": [
{
"id": 9,
"name": "Azúcar, caramelos y chocolate",
"level": 0,
"order": 11
}
],
"display_name": "Chocolate negro extrafino Hacendado con almendras enteras",
"price_instructions": {
"iva": 10,
"is_new": false,
"is_pack": false,
"pack_size": null,
"unit_name": null,
"unit_size": 0.2,
"bulk_price": "6.45",
"unit_price": "1.29",
"approx_size": false,
"size_format": "kg",
"total_units": null,
"unit_selector": true,
"bunch_selector": false,
"drained_weight": null,
"selling_method": 0,
"price_decreased": false,
"reference_price": "6.450",
"min_bunch_amount": 1.0,
"reference_format": "kg",
"increment_bunch_amount": 1.0
}
},
{
"id": "12126",
"slug": "chocolate-puro-valor-tableta",
"limit": 999,
"badges": {
"is_water": false,
"requires_age_check": false
},
"packaging": "Tableta",
"published": true,
"share_url": "https://tienda.mercadona.es/product/12126/chocolate-puro-valor-tableta",
"thumbnail": "https://prod-mercadona.imgix.net/images/dfc4fe2e6f85e4e5841bdf7ca1a6c607.jpg?fit=crop&h=300&w=300",
"categories": [
{
"id": 9,
"name": "Azúcar, caramelos y chocolate",
"level": 0,
"order": 11
}
],
"display_name": "Chocolate puro Valor",
"price_instructions": {
"iva": 10,
"is_new": false,
"is_pack": false,
"pack_size": null,
"unit_name": null,
"unit_size": 0.3,
"bulk_price": "9.33",
"unit_price": "2.80",
"approx_size": false,
"size_format": "kg",
"total_units": null,
"unit_selector": true,
"bunch_selector": false,
"drained_weight": null,
"selling_method": 0,
"price_decreased": false,
"reference_price": "9.334",
"min_bunch_amount": 1.0,
"reference_format": "kg",
"increment_bunch_amount": 1.0
}
},
{
"id": "12130",
"slug": "chocolate-puro-valor-con-almendras-enteras-tableta",
"limit": 999,
"badges": {
"is_water": false,
"requires_age_check": false
},
"packaging": "Tableta",
"published": true,
"share_url": "https://tienda.mercadona.es/product/12130/chocolate-puro-valor-con-almendras-enteras-tableta",
"thumbnail": "https://prod-mercadona.imgix.net/images/2a7be258c0a84944c003a1ad3948d3a8.jpg?fit=crop&h=300&w=300",
"categories": [
{
"id": 9,
"name": "Azúcar, caramelos y chocolate",
"level": 0,
"order": 11
}
],
"display_name": "Chocolate puro Valor con almendras enteras",
"price_instructions": {
"iva": 10,
"is_new": false,
"is_pack": false,
"pack_size": null,
"unit_name": null,
"unit_size": 0.25,
"bulk_price": "12.60",
"unit_price": "3.15",
"approx_size": false,
"size_format": "kg",
"total_units": null,
"unit_selector": true,
"bunch_selector": false,
"drained_weight": null,
"selling_method": 0,
"price_decreased": false,
"reference_price": "12.600",
"min_bunch_amount": 1.0,
"reference_format": "kg",
"increment_bunch_amount": 1.0
}
},
{
"id": "12523",
"slug": "chocolate-negro-extrafino-edulcorante-hacendado-0-azucares-anadidos-tableta",
"limit": 999,
"badges": {
"is_water": false,
"requires_age_check": false
},
"packaging": "Tableta",
"published": true,
"share_url": "https://tienda.mercadona.es/product/12523/chocolate-negro-extrafino-edulcorante-hacendado-0-azucares-anadidos-tableta",
"thumbnail": "https://prod-mercadona.imgix.net/images/7884c8a27ba6907978d714f4e7ba18b0.jpg?fit=crop&h=300&w=300",
"categories": [
{
"id": 9,
"name": "Azúcar, caramelos y chocolate",
"level": 0,
"order": 11
}
],
"display_name": "Chocolate negro extrafino y edulcorante Hacendado 0% azúcares añadidos",
"price_instructions": {
"iva": 10,
"is_new": false,
"is_pack": false,
"pack_size": null,
"unit_name": null,
"unit_size": 0.125,
"bulk_price": "9.60",
"unit_price": "1.20",
"approx_size": false,
"size_format": "kg",
"total_units": null,
"unit_selector": true,
"bunch_selector": false,
"drained_weight": null,
"selling_method": 0,
"price_decreased": false,
"reference_price": "9.600",
"min_bunch_amount": 1.0,
"reference_format": "kg",
"increment_bunch_amount": 1.0
}
},
{
"id": "12460",
"slug": "mini-barritas-chocolate-negro-70-cacao-hacendado-con-semillas-galleta-paquete",
"limit": 999,
"badges": {
"is_water": false,
"requires_age_check": false
},
"packaging": "Paquete",
"published": true,
"share_url": "https://tienda.mercadona.es/product/12460/mini-barritas-chocolate-negro-70-cacao-hacendado-con-semillas-galleta-paquete",
"thumbnail": "https://prod-mercadona.imgix.net/images/48169ac7b5ff48013c9109a4e612c61c.jpg?fit=crop&h=300&w=300",
"categories": [
{
"id": 9,
"name": "Azúcar, caramelos y chocolate",
"level": 0,
"order": 11
}
],
"display_name": "Mini barritas chocolate negro 70% cacao Hacendado con semillas y galleta",
"price_instructions": {
"iva": 10,
"is_new": false,
"is_pack": false,
"pack_size": null,
"unit_name": "ud.",
"unit_size": 0.13,
"bulk_price": "11.92",
"unit_price": "1.55",
"approx_size": false,
"size_format": "kg",
"total_units": 12,
"unit_selector": true,
"bunch_selector": false,
"drained_weight": null,
"selling_method": 0,
"price_decreased": false,
"reference_price": "11.924",
"min_bunch_amount": 1.0,
"reference_format": "kg",
"increment_bunch_amount": 1.0
}
},
{
"id": "12553",
"slug": "chocolate-negro-relleno-mousse-hacendado-tableta",
"limit": 999,
"badges": {
"is_water": false,
"requires_age_check": false
},
"packaging": "Tableta",
"published": true,
"share_url": "https://tienda.mercadona.es/product/12553/chocolate-negro-relleno-mousse-hacendado-tableta",
"thumbnail": "https://prod-mercadona.imgix.net/images/e05094b855898f2a8aa78e9142168489.jpg?fit=crop&h=300&w=300",
"categories": [
{
"id": 9,
"name": "Azúcar, caramelos y chocolate",
"level": 0,
"order": 11
}
],
"display_name": "Chocolate negro relleno de mousse Hacendado",
"price_instructions": {
"iva": 10,
"is_new": false,
"is_pack": false,
"pack_size": null,
"unit_name": null,
"unit_size": 0.14,
"bulk_price": "9.64",
"unit_price": "1.35",
"approx_size": false,
"size_format": "kg",
"total_units": null,
"unit_selector": true,
"bunch_selector": false,
"drained_weight": null,
"selling_method": 0,
"price_decreased": false,
"reference_price": "9.643",
"min_bunch_amount": 1.0,
"reference_format": "kg",
"increment_bunch_amount": 1.0
}
},
{
"id": "12139",
"slug": "chocolate-puro-valor-con-almendras-enteras-0-azucares-anadidos-tableta",
"limit": 999,
"badges": {
"is_water": false,
"requires_age_check": false
},
"packaging": "Tableta",
"published": true,
"share_url": "https://tienda.mercadona.es/product/12139/chocolate-puro-valor-con-almendras-enteras-0-azucares-anadidos-tableta",
"thumbnail": "https://prod-mercadona.imgix.net/images/0230cbf4187c72f0bf36b5184b7c3e77.jpg?fit=crop&h=300&w=300",
"categories": [
{
"id": 9,
"name": "Azúcar, caramelos y chocolate",
"level": 0,
"order": 11
}
],
"display_name": "Chocolate puro Valor con almendras enteras",
"price_instructions": {
"iva": 10,
"is_new": false,
"is_pack": false,
"pack_size": null,
"unit_name": null,
"unit_size": 0.15,
"bulk_price": "19.00",
"unit_price": "2.85",
"approx_size": false,
"size_format": "kg",
"total_units": null,
"unit_selector": true,
"bunch_selector": false,
"drained_weight": null,
"selling_method": 0,
"price_decreased": false,
"reference_price": "19.000",
"min_bunch_amount": 1.0,
"reference_format": "kg",
"increment_bunch_amount": 1.0
}
},
{
"id": "22848",
"slug": "chocolate-negro-55-cacao-hacendado-con-avellanas-enteras-tableta",
"limit": 999,
"badges": {
"is_water": false,
"requires_age_check": false
},
"packaging": "Tableta",
"published": true,
"share_url": "https://tienda.mercadona.es/product/22848/chocolate-negro-55-cacao-hacendado-con-avellanas-enteras-tableta",
"thumbnail": "https://prod-mercadona.imgix.net/images/cdc7b890bfc8f65dca633a98b23e9195.jpg?fit=crop&h=300&w=300",
"categories": [
{
"id": 9,
"name": "Azúcar, caramelos y chocolate",
"level": 0,
"order": 11
}
],
"display_name": "Chocolate negro 55% cacao Hacendado con avellanas enteras",
"price_instructions": {
"iva": 10,
"is_new": false,
"is_pack": false,
"pack_size": null,
"unit_name": null,
"unit_size": 0.18,
"bulk_price": "7.50",
"unit_price": "1.35",
"approx_size": false,
"size_format": "kg",
"total_units": null,
"unit_selector": true,
"bunch_selector": false,
"drained_weight": null,
"selling_method": 0,
"price_decreased": false,
"reference_price": "7.500",
"min_bunch_amount": 1.0,
"reference_format": "kg",
"increment_bunch_amount": 1.0
}
},
{
"id": "12431",
"slug": "chocolatinas-chocolate-negro-royal-mints-49-rellenas-crema-sabor-menta-caja",
"limit": 999,
"badges": {
"is_water": false,
"requires_age_check": false
},
"packaging": "Caja",
"published": true,
"share_url": "https://tienda.mercadona.es/product/12431/chocolatinas-chocolate-negro-royal-mints-49-rellenas-crema-sabor-menta-caja",
"thumbnail": "https://prod-mercadona.imgix.net/images/54eac36d24e2c537f965bf64581ccc56.jpg?fit=crop&h=300&w=300",
"categories": [
{
"id": 9,
"name": "Azúcar, caramelos y chocolate",
"level": 0,
"order": 11
}
],
"display_name": "Chocolatinas de chocolate negro Royal Mints 49% rellenas de crema sabor a menta",
"price_instructions": {
"iva": 10,
"is_new": false,
"is_pack": false,
"pack_size": null,
"unit_name": null,
"unit_size": 0.2,
"bulk_price": "7.50",
"unit_price": "1.50",
"approx_size": false,
"size_format": "kg",
"total_units": null,
"unit_selector": true,
"bunch_selector": false,
"drained_weight": null,
"selling_method": 0,
"price_decreased": false,
"reference_price": "7.500",
"min_bunch_amount": 1.0,
"reference_format": "kg",
"increment_bunch_amount": 1.0
}
},
{
"id": "12489",
"slug": "chocolate-negro-extrafino-fussion-hacendado-relleno-sabor-menta-tableta",
"limit": 999,
"badges": {
"is_water": false,
"requires_age_check": false
},
"packaging": "Tableta",
"published": true,
"share_url": "https://tienda.mercadona.es/product/12489/chocolate-negro-extrafino-fussion-hacendado-relleno-sabor-menta-tableta",
"thumbnail": "https://prod-mercadona.imgix.net/images/e5a610f45db545e32a18718b2a900c9d.jpg?fit=crop&h=300&w=300",
"categories": [
{
"id": 9,
"name": "Azúcar, caramelos y chocolate",
"level": 0,
"order": 11
}
],
"display_name": "Chocolate negro extrafino Fussion Hacendado relleno sabor menta",
"price_instructions": {
"iva": 10,
"is_new": false,
"is_pack": false,
"pack_size": null,
"unit_name": null,
"unit_size": 0.1,
"bulk_price": "8.50",
"unit_price": "0.85",
"approx_size": false,
"size_format": "kg",
"total_units": null,
"unit_selector": true,
"bunch_selector": false,
"drained_weight": null,
"selling_method": 0,
"price_decreased": false,
"reference_price": "8.500",
"min_bunch_amount": 1.0,
"reference_format": "kg",
"increment_bunch_amount": 1.0
}
},
{
"id": "12544",
"slug": "gotas-chocolate-negro-fundir-hacendado-paquete",
"limit": 999,
"badges": {
"is_water": false,
"requires_age_check": false
},
"packaging": "Paquete",
"published": true,
"share_url": "https://tienda.mercadona.es/product/12544/gotas-chocolate-negro-fundir-hacendado-paquete",
"thumbnail": "https://prod-mercadona.imgix.net/images/23f301d9422300f6a159f0d23b5bb3f7.jpg?fit=crop&h=300&w=300",
"categories": [
{
"id": 9,
"name": "Azúcar, caramelos y chocolate",
"level": 0,
"order": 11
}
],
"display_name": "Gotas de chocolate negro para fundir Hacendado",
"price_instructions": {
"iva": 10,
"is_new": false,
"is_pack": false,
"pack_size": null,
"unit_name": null,
"unit_size": 0.25,
"bulk_price": "6.40",
"unit_price": "1.60",
"approx_size": false,
"size_format": "kg",
"total_units": null,
"unit_selector": true,
"bunch_selector": false,
"drained_weight": null,
"selling_method": 0,
"price_decreased": false,
"reference_price": "6.400",
"min_bunch_amount": 1.0,
"reference_format": "kg",
"increment_bunch_amount": 1.0
}
},
{
"id": "12480",
"slug": "chocolate-negro-72-cacao-extrafino-hacendado-con-almendras-enteras-tableta",
"limit": 999,
"badges": {
"is_water": false,
"requires_age_check": false
},
"packaging": "Tableta",
"published": true,
"share_url": "https://tienda.mercadona.es/product/12480/chocolate-negro-72-cacao-extrafino-hacendado-con-almendras-enteras-tableta",
"thumbnail": "https://prod-mercadona.imgix.net/images/d924cf02f9706100f99dadd77c962da3.jpg?fit=crop&h=300&w=300",
"categories": [
{
"id": 9,
"name": "Azúcar, caramelos y chocolate",
"level": 0,
"order": 11
}
],
"display_name": "Chocolate negro 72% cacao extrafino Hacendado con almendras enteras",
"price_instructions": {
"iva": 10,
"is_new": false,
"is_pack": false,
"pack_size": null,
"unit_name": null,
"unit_size": 0.2,
"bulk_price": "8.50",
"unit_price": "1.70",
"approx_size": false,
"size_format": "kg",
"total_units": null,
"unit_selector": true,
"bunch_selector": false,
"drained_weight": null,
"selling_method": 0,
"price_decreased": false,
"reference_price": "8.500",
"min_bunch_amount": 1.0,
"reference_format": "kg",
"increment_bunch_amount": 1.0
}
},
{
"id": "12493",
"slug": "porciones-chocolate-negro-85-cacao-extrafino-hacendado-paquete",
"limit": 999,
"badges": {
"is_water": false,
"requires_age_check": false
},
"packaging": "Paquete",
"published": true,
"share_url": "https://tienda.mercadona.es/product/12493/porciones-chocolate-negro-85-cacao-extrafino-hacendado-paquete",
"thumbnail": "https://prod-mercadona.imgix.net/images/1209dafa6d1af6bc9ab3641709b1a54e.jpg?fit=crop&h=300&w=300",
"categories": [
{
"id": 9,
"name": "Azúcar, caramelos y chocolate",
"level": 0,
"order": 11
}
],
"display_name": "Porciones de Chocolate negro 85% cacao extrafino Hacendado",
"price_instructions": {
"iva": 10,
"is_new": false,
"is_pack": false,
"pack_size": null,
"unit_name": null,
"unit_size": 0.2,
"bulk_price": "11.50",
"unit_price": "2.30",
"approx_size": false,
"size_format": "kg",
"total_units": null,
"unit_selector": true,
"bunch_selector": false,
"drained_weight": null,
"selling_method": 0,
"price_decreased": false,
"reference_price": "11.500",
"min_bunch_amount": 1.0,
"reference_format": "kg",
"increment_bunch_amount": 1.0
}
},
{
"id": "22703",
"slug": "chocolate-negro-72-cacao-hacendado-con-trozos-naranja-tableta",
"limit": 999,
"badges": {
"is_water": false,
"requires_age_check": false
},
"packaging": "Tableta",
"published": true,
"share_url": "https://tienda.mercadona.es/product/22703/chocolate-negro-72-cacao-hacendado-con-trozos-naranja-tableta",
"thumbnail": "https://prod-mercadona.imgix.net/images/a26b2b2c23a207dbabd934db709a4e36.jpg?fit=crop&h=300&w=300",
"categories": [
{
"id": 9,
"name": "Azúcar, caramelos y chocolate",
"level": 0,
"order": 11
}
],
"display_name": "Chocolate negro 72% cacao Hacendado con trozos de naranja",
"price_instructions": {
"iva": 10,
"is_new": false,
"is_pack": false,
"pack_size": null,
"unit_name": null,
"unit_size": 0.1,
"bulk_price": "12.00",
"unit_price": "1.20",
"approx_size": false,
"size_format": "kg",
"total_units": null,
"unit_selector": true,
"bunch_selector": false,
"drained_weight": null,
"selling_method": 0,
"price_decreased": false,
"reference_price": "12.000",
"min_bunch_amount": 1.0,
"reference_format": "kg",
"increment_bunch_amount": 1.0
}
},
{
"id": "12524",
"slug": "chocolate-negro-85-cacao-extrafino-edulcorante-hacendado-0-azucares-anadidos-tableta",
"limit": 999,
"badges": {
"is_water": false,
"requires_age_check": false
},
"packaging": "Tableta",
"published": true,
"share_url": "https://tienda.mercadona.es/product/12524/chocolate-negro-85-cacao-extrafino-edulcorante-hacendado-0-azucares-anadidos-tableta",
"thumbnail": "https://prod-mercadona.imgix.net/images/529a8fa095ca6cf09ba9c09595e26e05.jpg?fit=crop&h=300&w=300",
"categories": [
{
"id": 9,
"name": "Azúcar, caramelos y chocolate",
"level": 0,
"order": 11
}
],
"display_name": "Chocolate negro 85% cacao extrafino y edulcorante Hacendado 0% azúcares añadidos",
"price_instructions": {
"iva": 10,
"is_new": false,
"is_pack": false,
"pack_size": null,
"unit_name": null,
"unit_size": 0.1,
"bulk_price": "14.00",
"unit_price": "1.40",
"approx_size": false,
"size_format": "kg",
"total_units": null,
"unit_selector": true,
"bunch_selector": false,
"drained_weight": null,
"selling_method": 0,
"price_decreased": false,
"reference_price": "14.000",
"min_bunch_amount": 1.0,
"reference_format": "kg",
"increment_bunch_amount": 1.0
}
},
{
"id": "12530",
"slug": "chocolate-negro-70-cacao-fundir-hacendado-0-azucares-anadidos-tableta",
"limit": 999,
"badges": {
"is_water": false,
"requires_age_check": false
},
"packaging": "Tableta",
"published": true,
"share_url": "https://tienda.mercadona.es/product/12530/chocolate-negro-70-cacao-fundir-hacendado-0-azucares-anadidos-tableta",
"thumbnail": "https://prod-mercadona.imgix.net/images/e8e32a0506510cdb96d0eb3211d9ac8c.jpg?fit=crop&h=300&w=300",
"categories": [
{
"id": 9,
"name": "Azúcar, caramelos y chocolate",
"level": 0,
"order": 11
}
],
"display_name": "Chocolate negro 70% cacao fundir Hacendado 0% azúcares añadidos",
"price_instructions": {
"iva": 10,
"is_new": false,
"is_pack": false,
"pack_size": null,
"unit_name": null,
"unit_size": 0.2,
"bulk_price": "7.75",
"unit_price": "1.55",
"approx_size": false,
"size_format": "kg",
"total_units": null,
"unit_selector": true,
"bunch_selector": false,
"drained_weight": null,
"selling_method": 0,
"price_decreased": false,
"reference_price": "7.750",
"min_bunch_amount": 1.0,
"reference_format": "kg",
"increment_bunch_amount": 1.0
}
},
{
"id": "12586",
"slug": "99-cacao-negro-hacendado-tableta",
"limit": 999,
"badges": {
"is_water": false,
"requires_age_check": false
},
"packaging": "Tableta",
"published": true,
"share_url": "https://tienda.mercadona.es/product/12586/99-cacao-negro-hacendado-tableta",
"thumbnail": "https://prod-mercadona.imgix.net/images/6ce76720b67340011d8b5c4d4becfe93.jpg?fit=crop&h=300&w=300",
"categories": [
{
"id": 9,
"name": "Azúcar, caramelos y chocolate",
"level": 0,
"order": 11
}
],
"display_name": "99% cacao negro Hacendado",
"price_instructions": {
"iva": 10,
"is_new": false,
"is_pack": false,
"pack_size": null,
"unit_name": null,
"unit_size": 0.1,
"bulk_price": "15.00",
"unit_price": "1.50",
"approx_size": false,
"size_format": "kg",
"total_units": null,
"unit_selector": true,
"bunch_selector": false,
"drained_weight": null,
"selling_method": 0,
"price_decreased": false,
"reference_price": "15.000",
"min_bunch_amount": 1.0,
"reference_format": "kg",
"increment_bunch_amount": 1.0
}
}
],
"published": true,
"is_extended": false
},
{
"id": 381,
"name": "Chocolate con leche",
"order": 11,
"layout": 2,
"products": [
{
"id": "13653",
"slug": "chocolate-con-leche-classic-hacendado-tableta",
"limit": 999,
"badges": {
"is_water": false,
"requires_age_check": false
},
"packaging": "Tableta",
"published": true,
"share_url": "https://tienda.mercadona.es/product/13653/chocolate-con-leche-classic-hacendado-tableta",
"thumbnail": "https://prod-mercadona.imgix.net/images/f2a2365b66c0d2a9fb7c89a54ccb046a.jpg?fit=crop&h=300&w=300",
"categories": [
{
"id": 9,
"name": "Azúcar, caramelos y chocolate",
"level": 0,
"order": 11
}
],
"display_name": "Chocolate con leche classic Hacendado",
"price_instructions": {
"iva": 10,
"is_new": false,
"is_pack": false,
"pack_size": null,
"unit_name": null,
"unit_size": 0.15,
"bulk_price": "4.67",
"unit_price": "0.70",
"approx_size": false,
"size_format": "kg",
"total_units": null,
"unit_selector": true,
"bunch_selector": false,
"drained_weight": null,
"selling_method": 0,
"price_decreased": false,
"reference_price": "4.667",
"min_bunch_amount": 1.0,
"reference_format": "kg",
"increment_bunch_amount": 1.0
}
},
{
"id": "12562",
"slug": "chocolate-con-leche-extrafino-nestle-tableta",
"limit": 999,
"badges": {
"is_water": false,
"requires_age_check": false
},
"packaging": "Tableta",
"published": true,
"share_url": "https://tienda.mercadona.es/product/12562/chocolate-con-leche-extrafino-nestle-tableta",
"thumbnail": "https://prod-mercadona.imgix.net/images/30dc6326bf6c582e1a08d49bf6aed544.jpg?fit=crop&h=300&w=300",
"categories": [
{
"id": 9,
"name": "Azúcar, caramelos y chocolate",
"level": 0,
"order": 11
}
],
"display_name": "Chocolate con leche extrafino Nestlé",
"price_instructions": {
"iva": 10,
"is_new": false,
"is_pack": false,
"pack_size": null,
"unit_name": null,
"unit_size": 0.125,
"bulk_price": "8.00",
"unit_price": "1.00",
"approx_size": false,
"size_format": "kg",
"total_units": null,
"unit_selector": true,
"bunch_selector": false,
"drained_weight": null,
"selling_method": 0,
"price_decreased": false,
"reference_price": "8.000",
"min_bunch_amount": 1.0,
"reference_format": "kg",
"increment_bunch_amount": 1.0
}
},
{
"id": "12099",
"slug": "chocolate-con-leche-oreo-milka-tableta",
"limit": 999,
"badges": {
"is_water": false,
"requires_age_check": false
},
"packaging": "Tableta",
"published": true,
"share_url": "https://tienda.mercadona.es/product/12099/chocolate-con-leche-oreo-milka-tableta",
"thumbnail": "https://prod-mercadona.imgix.net/images/9242e16d9dc99b72366a3648bcd77dea.jpg?fit=crop&h=300&w=300",
"categories": [
{
"id": 9,
"name": "Azúcar, caramelos y chocolate",
"level": 0,
"order": 11
}
],
"display_name": "Chocolate con leche Oreo Milka",
"price_instructions": {
"iva": 10,
"is_new": false,
"is_pack": false,
"pack_size": null,
"unit_name": null,
"unit_size": 0.1,
"bulk_price": "11.50",
"unit_price": "1.15",
"approx_size": false,
"size_format": "kg",
"total_units": null,
"unit_selector": true,
"bunch_selector": false,
"drained_weight": null,
"selling_method": 0,
"price_decreased": false,
"reference_price": "11.500",
"min_bunch_amount": 1.0,
"reference_format": "kg",
"increment_bunch_amount": 1.0
}
},
{
"id": "12151",
"slug": "chocolate-con-leche-milka-tableta",
"limit": 999,
"badges": {
"is_water": false,
"requires_age_check": false
},
"packaging": "Tableta",
"published": true,
"share_url": "https://tienda.mercadona.es/product/12151/chocolate-con-leche-milka-tableta",
"thumbnail": "https://prod-mercadona.imgix.net/images/e6cbab042ce93bc6756ef45ff91a19bc.jpg?fit=crop&h=300&w=300",
"categories": [
{
"id": 9,
"name": "Azúcar, caramelos y chocolate",
"level": 0,
"order": 11
}
],
"display_name": "Chocolate con leche Milka",
"price_instructions": {
"iva": 10,
"is_new": false,
"is_pack": false,
"pack_size": null,
"unit_name": null,
"unit_size": 0.15,
"bulk_price": "8.00",
"unit_price": "1.20",
"approx_size": false,
"size_format": "kg",
"total_units": null,
"unit_selector": true,
"bunch_selector": false,
"drained_weight": null,
"selling_method": 0,
"price_decreased": false,
"reference_price": "8.000",
"min_bunch_amount": 1.0,
"reference_format": "kg",
"increment_bunch_amount": 1.0
}
},
{
"id": "12037",
"slug": "chocolate-extrafino-con-leche-hacendado-almendras-enteras-tableta",
"limit": 999,
"badges": {
"is_water": false,
"requires_age_check": false
},
"packaging": "Tableta",
"published": true,
"share_url": "https://tienda.mercadona.es/product/12037/chocolate-extrafino-con-leche-hacendado-almendras-enteras-tableta",
"thumbnail": "https://prod-mercadona.imgix.net/images/2108bcd0f61db865e8504f9f12371050.jpg?fit=crop&h=300&w=300",
"categories": [
{
"id": 9,
"name": "Azúcar, caramelos y chocolate",
"level": 0,
"order": 11
}
],
"display_name": "Chocolate extrafino con leche Hacendado almendras enteras",
"price_instructions": {
"iva": 10,
"is_new": false,
"is_pack": false,
"pack_size": null,
"unit_name": null,
"unit_size": 0.2,
"bulk_price": "6.75",
"unit_price": "1.35",
"approx_size": false,
"size_format": "kg",
"total_units": null,
"unit_selector": true,
"bunch_selector": false,
"drained_weight": null,
"selling_method": 0,
"price_decreased": false,
"reference_price": "6.750",
"min_bunch_amount": 1.0,
"reference_format": "kg",
"increment_bunch_amount": 1.0
}
},
{
"id": "12107",
"slug": "chocolate-con-leche-valor-almendras-enteras-tableta",
"limit": 999,
"badges": {
"is_water": false,
"requires_age_check": false
},
"packaging": "Tableta",
"published": true,
"share_url": "https://tienda.mercadona.es/product/12107/chocolate-con-leche-valor-almendras-enteras-tableta",
"thumbnail": "https://prod-mercadona.imgix.net/images/2d24f2c462f2085e0977dcdc59a46889.jpg?fit=crop&h=300&w=300",
"categories": [
{
"id": 9,
"name": "Azúcar, caramelos y chocolate",
"level": 0,
"order": 11
}
],
"display_name": "Chocolate con leche Valor almendras enteras",
"price_instructions": {
"iva": 10,
"is_new": false,
"is_pack": false,
"pack_size": null,
"unit_name": null,
"unit_size": 0.25,
"bulk_price": "12.60",
"unit_price": "3.15",
"approx_size": false,
"size_format": "kg",
"total_units": null,
"unit_selector": true,
"bunch_selector": false,
"drained_weight": null,
"selling_method": 0,
"price_decreased": false,
"reference_price": "12.600",
"min_bunch_amount": 1.0,
"reference_format": "kg",
"increment_bunch_amount": 1.0
}
},
{
"id": "15633",
"slug": "chocolate-con-leche-hacendado-avellanas-troceadas-tableta",
"limit": 999,
"badges": {
"is_water": false,
"requires_age_check": false
},
"packaging": "Tableta",
"published": true,
"share_url": "https://tienda.mercadona.es/product/15633/chocolate-con-leche-hacendado-avellanas-troceadas-tableta",
"thumbnail": "https://prod-mercadona.imgix.net/images/ac87a0c78998c295c5af81d280c45250.jpg?fit=crop&h=300&w=300",
"categories": [
{
"id": 9,
"name": "Azúcar, caramelos y chocolate",
"level": 0,
"order": 11
}
],
"display_name": "Chocolate con leche Hacendado avellanas troceadas",
"price_instructions": {
"iva": 10,
"is_new": false,
"is_pack": false,
"pack_size": null,
"unit_name": null,
"unit_size": 0.15,
"bulk_price": "6.00",
"unit_price": "0.90",
"approx_size": false,
"size_format": "kg",
"total_units": null,
"unit_selector": true,
"bunch_selector": false,
"drained_weight": null,
"selling_method": 0,
"price_decreased": false,
"reference_price": "6.000",
"min_bunch_amount": 1.0,
"reference_format": "kg",
"increment_bunch_amount": 1.0
}
},
{
"id": "12527",
"slug": "chocolate-extrafino-con-leche-hacendado-0-azucares-anadidos-tableta",
"limit": 999,
"badges": {
"is_water": false,
"requires_age_check": false
},
"packaging": "Tableta",
"published": true,
"share_url": "https://tienda.mercadona.es/product/12527/chocolate-extrafino-con-leche-hacendado-0-azucares-anadidos-tableta",
"thumbnail": "https://prod-mercadona.imgix.net/images/3da18931b83995f48721d0e58f5c1391.jpg?fit=crop&h=300&w=300",
"categories": [
{
"id": 9,
"name": "Azúcar, caramelos y chocolate",
"level": 0,
"order": 11
}
],
"display_name": "Chocolate extrafino con leche Hacendado 0% azúcares añadidos",
"price_instructions": {
"iva": 10,
"is_new": false,
"is_pack": false,
"pack_size": null,
"unit_name": null,
"unit_size": 0.125,
"bulk_price": "9.60",
"unit_price": "1.20",
"approx_size": false,
"size_format": "kg",
"total_units": null,
"unit_selector": true,
"bunch_selector": false,
"drained_weight": null,
"selling_method": 0,
"price_decreased": false,
"reference_price": "9.600",
"min_bunch_amount": 1.0,
"reference_format": "kg",
"increment_bunch_amount": 1.0
}
},
{
"id": "12098",
"slug": "chocolate-con-leche-caramelo-milka-tableta",
"limit": 999,
"badges": {
"is_water": false,
"requires_age_check": false
},
"packaging": "Tableta",
"published": true,
"share_url": "https://tienda.mercadona.es/product/12098/chocolate-con-leche-caramelo-milka-tableta",
"thumbnail": "https://prod-mercadona.imgix.net/images/309acb2011fbdec31666dd03ad1f5304.jpg?fit=crop&h=300&w=300",
"categories": [
{
"id": 9,
"name": "Azúcar, caramelos y chocolate",
"level": 0,
"order": 11
}
],
"display_name": "Chocolate con leche caramelo Milka",
"price_instructions": {
"iva": 10,
"is_new": false,
"is_pack": false,
"pack_size": null,
"unit_name": null,
"unit_size": 0.1,
"bulk_price": "11.50",
"unit_price": "1.15",
"approx_size": false,
"size_format": "kg",
"total_units": null,
"unit_selector": true,
"bunch_selector": false,
"drained_weight": null,
"selling_method": 0,
"price_decreased": false,
"reference_price": "11.500",
"min_bunch_amount": 1.0,
"reference_format": "kg",
"increment_bunch_amount": 1.0
}
},
{
"id": "60878",
"slug": "porciones-chocolate-con-leche-cremoso-extrafino-hacendado-paquete",
"limit": 999,
"badges": {
"is_water": false,
"requires_age_check": false
},
"packaging": "Paquete",
"published": true,
"share_url": "https://tienda.mercadona.es/product/60878/porciones-chocolate-con-leche-cremoso-extrafino-hacendado-paquete",
"thumbnail": "https://prod-mercadona.imgix.net/images/85993cb14c86e075b1e2e5f31b267ea1.jpg?fit=crop&h=300&w=300",
"categories": [
{
"id": 9,
"name": "Azúcar, caramelos y chocolate",
"level": 0,
"order": 11
}
],
"display_name": "Porciones de chocolate con leche cremoso extrafino Hacendado",
"price_instructions": {
"iva": 10,
"is_new": false,
"is_pack": false,
"pack_size": null,
"unit_name": null,
"unit_size": 0.2,
"bulk_price": "11.75",
"unit_price": "2.35",
"approx_size": false,
"size_format": "kg",
"total_units": null,
"unit_selector": true,
"bunch_selector": false,
"drained_weight": null,
"selling_method": 0,
"price_decreased": false,
"reference_price": "11.750",
"min_bunch_amount": 1.0,
"reference_format": "kg",
"increment_bunch_amount": 1.0
}
},
{
"id": "12140",
"slug": "chocolate-con-leche-valor-almendras-enteras-0-azucares-anadidos-tableta",
"limit": 999,
"badges": {
"is_water": false,
"requires_age_check": false
},
"packaging": "Tableta",
"published": true,
"share_url": "https://tienda.mercadona.es/product/12140/chocolate-con-leche-valor-almendras-enteras-0-azucares-anadidos-tableta",
"thumbnail": "https://prod-mercadona.imgix.net/images/f6e8e53198563c2544a852abc398b68d.jpg?fit=crop&h=300&w=300",
"categories": [
{
"id": 9,
"name": "Azúcar, caramelos y chocolate",
"level": 0,
"order": 11
}
],
"display_name": "Chocolate con leche Valor almendras enteras",
"price_instructions": {
"iva": 10,
"is_new": false,
"is_pack": false,
"pack_size": null,
"unit_name": null,
"unit_size": 0.15,
"bulk_price": "19.00",
"unit_price": "2.85",
"approx_size": false,
"size_format": "kg",
"total_units": null,
"unit_selector": true,
"bunch_selector": false,
"drained_weight": null,
"selling_method": 0,
"price_decreased": false,
"reference_price": "19.000",
"min_bunch_amount": 1.0,
"reference_format": "kg",
"increment_bunch_amount": 1.0
}
},
{
"id": "12016",
"slug": "chocolate-con-leche-milka-galleta-tableta",
"limit": 999,
"badges": {
"is_water": false,
"requires_age_check": false
},
"packaging": "Tableta",
"published": true,
"share_url": "https://tienda.mercadona.es/product/12016/chocolate-con-leche-milka-galleta-tableta",
"thumbnail": "https://prod-mercadona.imgix.net/images/fdd5c1a171390de9bfe055dbd8c6ec59.jpg?fit=crop&h=300&w=300",
"categories": [
{
"id": 9,
"name": "Azúcar, caramelos y chocolate",
"level": 0,
"order": 11
}
],
"display_name": "Chocolate con leche Milka galleta",
"price_instructions": {
"iva": 10,
"is_new": false,
"is_pack": false,
"pack_size": null,
"unit_name": null,
"unit_size": 0.3,
"bulk_price": "9.83",
"unit_price": "2.95",
"approx_size": false,
"size_format": "kg",
"total_units": null,
"unit_selector": true,
"bunch_selector": false,
"drained_weight": null,
"selling_method": 0,
"price_decreased": false,
"reference_price": "9.834",
"min_bunch_amount": 1.0,
"reference_format": "kg",
"increment_bunch_amount": 1.0
}
},
{
"id": "15634",
"slug": "chocolate-con-leche-hacendado-almendras-troceadas-tableta",
"limit": 999,
"badges": {
"is_water": false,
"requires_age_check": false
},
"packaging": "Tableta",
"published": true,
"share_url": "https://tienda.mercadona.es/product/15634/chocolate-con-leche-hacendado-almendras-troceadas-tableta",
"thumbnail": "https://prod-mercadona.imgix.net/images/ea0f7aaabb6cb118a127328cbe1abeb9.jpg?fit=crop&h=300&w=300",
"categories": [
{
"id": 9,
"name": "Azúcar, caramelos y chocolate",
"level": 0,
"order": 11
}
],
"display_name": "Chocolate con leche Hacendado almendras troceadas",
"price_instructions": {
"iva": 10,
"is_new": false,
"is_pack": false,
"pack_size": null,
"unit_name": null,
"unit_size": 0.15,
"bulk_price": "6.67",
"unit_price": "1.00",
"approx_size": false,
"size_format": "kg",
"total_units": null,
"unit_selector": true,
"bunch_selector": false,
"drained_weight": null,
"selling_method": 0,
"price_decreased": false,
"reference_price": "6.667",
"min_bunch_amount": 1.0,
"reference_format": "kg",
"increment_bunch_amount": 1.0
}
},
{
"id": "13500",
"slug": "chocolate-con-leche-hacendado-almendra-troceada-miel-tableta",
"limit": 999,
"badges": {
"is_water": false,
"requires_age_check": false
},
"packaging": "Tableta",
"published": true,
"share_url": "https://tienda.mercadona.es/product/13500/chocolate-con-leche-hacendado-almendra-troceada-miel-tableta",
"thumbnail": "https://prod-mercadona.imgix.net/images/9b106ae2564b00262c0864794c836c1d.jpg?fit=crop&h=300&w=300",
"categories": [
{
"id": 9,
"name": "Azúcar, caramelos y chocolate",
"level": 0,
"order": 11
}
],
"display_name": "Chocolate con leche Hacendado almendra troceada y miel",
"price_instructions": {
"iva": 10,
"is_new": false,
"is_pack": false,
"pack_size": null,
"unit_name": null,
"unit_size": 0.1,
"bulk_price": "10.00",
"unit_price": "1.00",
"approx_size": false,
"size_format": "kg",
"total_units": null,
"unit_selector": true,
"bunch_selector": false,
"drained_weight": null,
"selling_method": 0,
"price_decreased": false,
"reference_price": "10.000",
"min_bunch_amount": 1.0,
"reference_format": "kg",
"increment_bunch_amount": 1.0
}
},
{
"id": "12487",
"slug": "chocolate-con-leche-fussion-hacendado-relleno-sabor-fresa-tableta",
"limit": 999,
"badges": {
"is_water": false,
"requires_age_check": false
},
"packaging": "Tableta",
"published": true,
"share_url": "https://tienda.mercadona.es/product/12487/chocolate-con-leche-fussion-hacendado-relleno-sabor-fresa-tableta",
"thumbnail": "https://prod-mercadona.imgix.net/images/5e9026798c00989d25f77c423966d8a5.jpg?fit=crop&h=300&w=300",
"categories": [
{
"id": 9,
"name": "Azúcar, caramelos y chocolate",
"level": 0,
"order": 11
}
],
"display_name": "Chocolate con leche Fussion Hacendado relleno sabor fresa",
"price_instructions": {
"iva": 10,
"is_new": false,
"is_pack": false,
"pack_size": null,
"unit_name": null,
"unit_size": 0.1,
"bulk_price": "8.50",
"unit_price": "0.85",
"approx_size": false,
"size_format": "kg",
"total_units": null,
"unit_selector": true,
"bunch_selector": false,
"drained_weight": null,
"selling_method": 0,
"price_decreased": false,
"reference_price": "8.500",
"min_bunch_amount": 1.0,
"reference_format": "kg",
"increment_bunch_amount": 1.0
}
},
{
"id": "32227",
"slug": "fideos-chocolate-hacendado-especial-reposteria-postres-paquete",
"limit": 999,
"badges": {
"is_water": false,
"requires_age_check": false
},
"packaging": "Paquete",
"published": true,
"share_url": "https://tienda.mercadona.es/product/32227/fideos-chocolate-hacendado-especial-reposteria-postres-paquete",
"thumbnail": "https://prod-mercadona.imgix.net/images/de44396747caa636f586a2bf9a34e8ae.jpg?fit=crop&h=300&w=300",
"categories": [
{
"id": 9,
"name": "Azúcar, caramelos y chocolate",
"level": 0,
"order": 11
}
],
"display_name": "Fideos de chocolate Hacendado",
"price_instructions": {
"iva": 10,
"is_new": false,
"is_pack": false,
"pack_size": null,
"unit_name": null,
"unit_size": 0.1,
"bulk_price": "12.50",
"unit_price": "1.25",
"approx_size": false,
"size_format": "kg",
"total_units": null,
"unit_selector": true,
"bunch_selector": false,
"drained_weight": null,
"selling_method": 0,
"price_decreased": false,
"reference_price": "12.500",
"min_bunch_amount": 1.0,
"reference_format": "kg",
"increment_bunch_amount": 1.0
}
},
{
"id": "12533",
"slug": "chocolate-con-leche-fundir-hacendado-tableta",
"limit": 999,
"badges": {
"is_water": false,
"requires_age_check": false
},
"packaging": "Tableta",
"published": true,
"share_url": "https://tienda.mercadona.es/product/12533/chocolate-con-leche-fundir-hacendado-tableta",
"thumbnail": "https://prod-mercadona.imgix.net/images/5230162330fda1f7d9e46152ba7a087d.jpg?fit=crop&h=300&w=300",
"categories": [
{
"id": 9,
"name": "Azúcar, caramelos y chocolate",
"level": 0,
"order": 11
}
],
"display_name": "Chocolate con leche fundir Hacendado",
"price_instructions": {
"iva": 10,
"is_new": false,
"is_pack": false,
"pack_size": null,
"unit_name": null,
"unit_size": 0.2,
"bulk_price": "6.00",
"unit_price": "1.20",
"approx_size": false,
"size_format": "kg",
"total_units": null,
"unit_selector": true,
"bunch_selector": false,
"drained_weight": null,
"selling_method": 0,
"price_decreased": false,
"reference_price": "6.000",
"min_bunch_amount": 1.0,
"reference_format": "kg",
"increment_bunch_amount": 1.0
}
},
{
"id": "12591",
"slug": "chocolate-con-leche-bites-cadbury-con-relleno-sabor-vainilla-trozos-galleta-paquete",
"limit": 999,
"badges": {
"is_water": false,
"requires_age_check": false
},
"packaging": "Paquete",
"published": true,
"share_url": "https://tienda.mercadona.es/product/12591/chocolate-con-leche-bites-cadbury-con-relleno-sabor-vainilla-trozos-galleta-paquete",
"thumbnail": "https://prod-mercadona.imgix.net/images/4b16f9b1d487465b01e108f9c763c6d1.jpg?fit=crop&h=300&w=300",
"categories": [
{
"id": 9,
"name": "Azúcar, caramelos y chocolate",
"level": 0,
"order": 11
}
],
"display_name": "Chocolate con leche Bites Cadbury con relleno sabor vainilla y trozos de galleta",
"price_instructions": {
"iva": 10,
"is_new": false,
"is_pack": false,
"pack_size": null,
"unit_name": null,
"unit_size": 0.11,
"bulk_price": "10.91",
"unit_price": "1.20",
"approx_size": false,
"size_format": "kg",
"total_units": null,
"unit_selector": true,
"bunch_selector": false,
"drained_weight": null,
"selling_method": 0,
"price_decreased": false,
"reference_price": "10.910",
"min_bunch_amount": 1.0,
"reference_format": "kg",
"increment_bunch_amount": 1.0
}
},
{
"id": "12592",
"slug": "chocolate-con-leche-crunchie-rocks-cadbury-con-copos-maiz-trozos-caramelo-paquete",
"limit": 999,
"badges": {
"is_water": false,
"requires_age_check": false
},
"packaging": "Paquete",
"published": true,
"share_url": "https://tienda.mercadona.es/product/12592/chocolate-con-leche-crunchie-rocks-cadbury-con-copos-maiz-trozos-caramelo-paquete",
"thumbnail": "https://prod-mercadona.imgix.net/images/5e397f79d7e8ed91b2730bcf5cf3b7d1.jpg?fit=crop&h=300&w=300",
"categories": [
{
"id": 9,
"name": "Azúcar, caramelos y chocolate",
"level": 0,
"order": 11
}
],
"display_name": "Chocolate con leche Crunchie Rocks Cadbury con copos de maíz y trozos de caramelo",
"price_instructions": {
"iva": 10,
"is_new": false,
"is_pack": false,
"pack_size": null,
"unit_name": null,
"unit_size": 0.11,
"bulk_price": "10.91",
"unit_price": "1.20",
"approx_size": false,
"size_format": "kg",
"total_units": null,
"unit_selector": true,
"bunch_selector": false,
"drained_weight": null,
"selling_method": 0,
"price_decreased": false,
"reference_price": "10.910",
"min_bunch_amount": 1.0,
"reference_format": "kg",
"increment_bunch_amount": 1.0
}
},
{
"id": "12518",
"slug": "chocolate-con-leche-extrafino-cremoso-hacendado-tableta",
"limit": 999,
"badges": {
"is_water": false,
"requires_age_check": false
},
"packaging": "Tableta",
"published": true,
"share_url": "https://tienda.mercadona.es/product/12518/chocolate-con-leche-extrafino-cremoso-hacendado-tableta",
"thumbnail": "https://prod-mercadona.imgix.net/images/410a6755078ce6eb0207a854d94acec1.jpg?fit=crop&h=300&w=300",
"categories": [
{
"id": 9,
"name": "Azúcar, caramelos y chocolate",
"level": 0,
"order": 11
}
],
"display_name": "Chocolate con leche extrafino cremoso Hacendado",
"price_instructions": {
"iva": 10,
"is_new": false,
"is_pack": false,
"pack_size": null,
"unit_name": null,
"unit_size": 0.15,
"bulk_price": "5.33",
"unit_price": "0.80",
"approx_size": false,
"size_format": "kg",
"total_units": null,
"unit_selector": true,
"bunch_selector": false,
"drained_weight": null,
"selling_method": 0,
"price_decreased": false,
"reference_price": "5.334",
"min_bunch_amount": 1.0,
"reference_format": "kg",
"increment_bunch_amount": 1.0
}
},
{
"id": "12514",
"slug": "chocolate-con-leche-hacendado-con-avellanas-tableta",
"limit": 999,
"badges": {
"is_water": false,
"requires_age_check": false
},
"packaging": "Tableta",
"published": true,
"share_url": "https://tienda.mercadona.es/product/12514/chocolate-con-leche-hacendado-con-avellanas-tableta",
"thumbnail": "https://prod-mercadona.imgix.net/images/1841edd237f82c743c8f1b5b15959328.jpg?fit=crop&h=300&w=300",
"categories": [
{
"id": 9,
"name": "Azúcar, caramelos y chocolate",
"level": 0,
"order": 11
}
],
"display_name": "Chocolate con leche Hacendado con avellanas",
"price_instructions": {
"iva": 10,
"is_new": false,
"is_pack": false,
"pack_size": null,
"unit_name": null,
"unit_size": 0.18,
"bulk_price": "7.50",
"unit_price": "1.35",
"approx_size": false,
"size_format": "kg",
"total_units": null,
"unit_selector": true,
"bunch_selector": false,
"drained_weight": null,
"selling_method": 0,
"price_decreased": false,
"reference_price": "7.500",
"min_bunch_amount": 1.0,
"reference_format": "kg",
"increment_bunch_amount": 1.0
}
},
{
"id": "12567",
"slug": "chocolate-con-leche-mini-coco-choc-hacendado-relleno-con-coco-paquete",
"limit": 999,
"badges": {
"is_water": false,
"requires_age_check": false
},
"packaging": "Paquete",
"published": true,
"share_url": "https://tienda.mercadona.es/product/12567/chocolate-con-leche-mini-coco-choc-hacendado-relleno-con-coco-paquete",
"thumbnail": "https://prod-mercadona.imgix.net/images/7064111e6a3871d2dc6eb39041655011.jpg?fit=crop&h=300&w=300",
"categories": [
{
"id": 9,
"name": "Azúcar, caramelos y chocolate",
"level": 0,
"order": 11
}
],
"display_name": "Chocolate con leche Mini Coco Choc Hacendado relleno con coco",
"price_instructions": {
"iva": 10,
"is_new": false,
"is_pack": false,
"pack_size": null,
"unit_name": "ud.",
"unit_size": 0.168,
"bulk_price": "7.44",
"unit_price": "1.25",
"approx_size": false,
"size_format": "kg",
"total_units": 6,
"unit_selector": true,
"bunch_selector": false,
"drained_weight": null,
"selling_method": 0,
"price_decreased": false,
"reference_price": "7.441",
"min_bunch_amount": 1.0,
"reference_format": "kg",
"increment_bunch_amount": 1.0
}
},
{
"id": "15527",
"slug": "chocolate-con-leche-fussion-hacendado-relleno-cremoso-avellanas-barquillo-crujiente-tableta",
"limit": 999,
"badges": {
"is_water": false,
"requires_age_check": false
},
"packaging": "Tableta",
"published": true,
"share_url": "https://tienda.mercadona.es/product/15527/chocolate-con-leche-fussion-hacendado-relleno-cremoso-avellanas-barquillo-crujiente-tableta",
"thumbnail": "https://prod-mercadona.imgix.net/images/e2c1fb2292b9a19ac5ff105a7ad6ffaf.jpg?fit=crop&h=300&w=300",
"categories": [
{
"id": 9,
"name": "Azúcar, caramelos y chocolate",
"level": 0,
"order": 11
}
],
"display_name": "Chocolate con leche Fussion Hacendado relleno cremoso, avellanas y barquillo crujiente",
"price_instructions": {
"iva": 10,
"is_new": false,
"is_pack": false,
"pack_size": null,
"unit_name": null,
"unit_size": 0.1,
"bulk_price": "8.50",
"unit_price": "0.85",
"approx_size": false,
"size_format": "kg",
"total_units": null,
"unit_selector": true,
"bunch_selector": false,
"drained_weight": null,
"selling_method": 0,
"price_decreased": false,
"reference_price": "8.500",
"min_bunch_amount": 1.0,
"reference_format": "kg",
"increment_bunch_amount": 1.0
}
}
],
"published": true,
"is_extended": false
},
{
"id": 383,
"name": "Chocolate blanco",
"order": 11,
"layout": 2,
"products": [
{
"id": "12476",
"slug": "chocolate-blanco-hacendado-tableta",
"limit": 999,
"badges": {
"is_water": false,
"requires_age_check": false
},
"packaging": "Tableta",
"published": true,
"share_url": "https://tienda.mercadona.es/product/12476/chocolate-blanco-hacendado-tableta",
"thumbnail": "https://prod-mercadona.imgix.net/images/048a0555efd33180c1c2ef020309b795.jpg?fit=crop&h=300&w=300",
"categories": [
{
"id": 9,
"name": "Azúcar, caramelos y chocolate",
"level": 0,
"order": 11
}
],
"display_name": "Chocolate blanco Hacendado",
"price_instructions": {
"iva": 10,
"is_new": false,
"is_pack": false,
"pack_size": null,
"unit_name": null,
"unit_size": 0.1,
"bulk_price": "6.00",
"unit_price": "0.60",
"approx_size": false,
"size_format": "kg",
"total_units": null,
"unit_selector": true,
"bunch_selector": false,
"drained_weight": null,
"selling_method": 0,
"price_decreased": false,
"reference_price": "6.000",
"min_bunch_amount": 1.0,
"reference_format": "kg",
"increment_bunch_amount": 1.0
}
},
{
"id": "12543",
"slug": "chocolate-blanco-fundir-hacendado-tableta",
"limit": 999,
"badges": {
"is_water": false,
"requires_age_check": false
},
"packaging": "Tableta",
"published": true,
"share_url": "https://tienda.mercadona.es/product/12543/chocolate-blanco-fundir-hacendado-tableta",
"thumbnail": "https://prod-mercadona.imgix.net/images/3749599f8114cc0461cc708d7c101afd.jpg?fit=crop&h=300&w=300",
"categories": [
{
"id": 9,
"name": "Azúcar, caramelos y chocolate",
"level": 0,
"order": 11
}
],
"display_name": "Chocolate blanco fundir Hacendado",
"price_instructions": {
"iva": 10,
"is_new": false,
"is_pack": false,
"pack_size": null,
"unit_name": null,
"unit_size": 0.2,
"bulk_price": "6.50",
"unit_price": "1.30",
"approx_size": false,
"size_format": "kg",
"total_units": null,
"unit_selector": true,
"bunch_selector": false,
"drained_weight": null,
"selling_method": 0,
"price_decreased": false,
"reference_price": "6.500",
"min_bunch_amount": 1.0,
"reference_format": "kg",
"increment_bunch_amount": 1.0
}
},
{
"id": "12490",
"slug": "chocolate-blanco-fussion-hacendado-galletas-cacao-tableta",
"limit": 999,
"badges": {
"is_water": false,
"requires_age_check": false
},
"packaging": "Tableta",
"published": true,
"share_url": "https://tienda.mercadona.es/product/12490/chocolate-blanco-fussion-hacendado-galletas-cacao-tableta",
"thumbnail": "https://prod-mercadona.imgix.net/images/776cee1ced90cf46b1a0589b805e1b70.jpg?fit=crop&h=300&w=300",
"categories": [
{
"id": 9,
"name": "Azúcar, caramelos y chocolate",
"level": 0,
"order": 11
}
],
"display_name": "Chocolate blanco Fussion Hacendado galletas al cacao",
"price_instructions": {
"iva": 10,
"is_new": false,
"is_pack": false,
"pack_size": null,
"unit_name": null,
"unit_size": 0.1,
"bulk_price": "8.50",
"unit_price": "0.85",
"approx_size": false,
"size_format": "kg",
"total_units": null,
"unit_selector": true,
"bunch_selector": false,
"drained_weight": null,
"selling_method": 0,
"price_decreased": false,
"reference_price": "8.500",
"min_bunch_amount": 1.0,
"reference_format": "kg",
"increment_bunch_amount": 1.0
}
},
{
"id": "22408",
"slug": "chocolate-blanco-fussion-hacendado-relleno-con-cremoso-coco-almendras-troceadas-tableta",
"limit": 999,
"badges": {
"is_water": false,
"requires_age_check": false
},
"packaging": "Tableta",
"published": true,
"share_url": "https://tienda.mercadona.es/product/22408/chocolate-blanco-fussion-hacendado-relleno-con-cremoso-coco-almendras-troceadas-tableta",
"thumbnail": "https://prod-mercadona.imgix.net/images/5601a7757d00c099f8ae91e7a45a0a38.jpg?fit=crop&h=300&w=300",
"categories": [
{
"id": 9,
"name": "Azúcar, caramelos y chocolate",
"level": 0,
"order": 11
}
],
"display_name": "Chocolate blanco Fussion Hacendado relleno con cremoso de coco y almendras troceadas",
"price_instructions": {
"iva": 10,
"is_new": false,
"is_pack": false,
"pack_size": null,
"unit_name": null,
"unit_size": 0.1,
"bulk_price": "8.50",
"unit_price": "0.85",
"approx_size": false,
"size_format": "kg",
"total_units": null,
"unit_selector": true,
"bunch_selector": false,
"drained_weight": null,
"selling_method": 0,
"price_decreased": false,
"reference_price": "8.500",
"min_bunch_amount": 1.0,
"reference_format": "kg",
"increment_bunch_amount": 1.0
}
}
],
"published": true,
"is_extended": false
},
{
"id": 386,
"name": "Chocolatinas",
"order": 11,
"layout": 2,
"products": [
{
"id": "12526",
"slug": "barritas-barquillo-huesitos-banadas-chocolate-con-leche-valor-paquete",
"limit": 999,
"badges": {
"is_water": false,
"requires_age_check": false
},
"packaging": "Paquete",
"published": true,
"share_url": "https://tienda.mercadona.es/product/12526/barritas-barquillo-huesitos-banadas-chocolate-con-leche-valor-paquete",
"thumbnail": "https://prod-mercadona.imgix.net/images/b6fb03ce5b4473151a297dcc81b50356.jpg?fit=crop&h=300&w=300",
"categories": [
{
"id": 9,
"name": "Azúcar, caramelos y chocolate",
"level": 0,
"order": 11
}
],
"display_name": "Barritas de barquillo Huesitos bañadas de chocolate con leche",
"price_instructions": {
"iva": 10,
"is_new": false,
"is_pack": false,
"pack_size": null,
"unit_name": "ud.",
"unit_size": 0.2,
"bulk_price": "10.00",
"unit_price": "2.00",
"approx_size": false,
"size_format": "kg",
"total_units": 10,
"unit_selector": true,
"bunch_selector": false,
"drained_weight": null,
"selling_method": 0,
"price_decreased": false,
"reference_price": "10.000",
"min_bunch_amount": 1.0,
"reference_format": "kg",
"increment_bunch_amount": 1.0
}
},
{
"id": "12171",
"slug": "barritas-chocolate-con-leche-hacendado-rellenas-leche-paquete",
"limit": 999,
"badges": {
"is_water": false,
"requires_age_check": false
},
"packaging": "Paquete",
"published": true,
"share_url": "https://tienda.mercadona.es/product/12171/barritas-chocolate-con-leche-hacendado-rellenas-leche-paquete",
"thumbnail": "https://prod-mercadona.imgix.net/images/ba03e39d5b1961f30a5a0d185ce7a6eb.jpg?fit=crop&h=300&w=300",
"categories": [
{
"id": 9,
"name": "Azúcar, caramelos y chocolate",
"level": 0,
"order": 11
}
],
"display_name": "Barritas de chocolate con leche Hacendado rellenas de leche",
"price_instructions": {
"iva": 10,
"is_new": false,
"is_pack": false,
"pack_size": null,
"unit_name": "ud.",
"unit_size": 0.2,
"bulk_price": "8.50",
"unit_price": "1.70",
"approx_size": false,
"size_format": "kg",
"total_units": 16,
"unit_selector": true,
"bunch_selector": false,
"drained_weight": null,
"selling_method": 0,
"price_decreased": false,
"reference_price": "8.500",
"min_bunch_amount": 1.0,
"reference_format": "kg",
"increment_bunch_amount": 1.0
}
},
{
"id": "12510",
"slug": "barritas-barquillo-kit-kat-banadas-chocolate-con-leche-nestle-paquete",
"limit": 999,
"badges": {
"is_water": false,
"requires_age_check": false
},
"packaging": "Paquete",
"published": true,
"share_url": "https://tienda.mercadona.es/product/12510/barritas-barquillo-kit-kat-banadas-chocolate-con-leche-nestle-paquete",
"thumbnail": "https://prod-mercadona.imgix.net/images/bceaf84269884fbe38790bbb095873d4.jpg?fit=crop&h=300&w=300",
"categories": [
{
"id": 9,
"name": "Azúcar, caramelos y chocolate",
"level": 0,
"order": 11
}
],
"display_name": "Barritas de barquillo Kit-Kat bañadas de chocolate con leche",
"price_instructions": {
"iva": 10,
"is_new": false,
"is_pack": false,
"pack_size": null,
"unit_name": "ud.",
"unit_size": 0.2075,
"bulk_price": "10.84",
"unit_price": "2.25",
"approx_size": false,
"size_format": "kg",
"total_units": 5,
"unit_selector": true,
"bunch_selector": false,
"drained_weight": null,
"selling_method": 0,
"price_decreased": false,
"reference_price": "10.844",
"min_bunch_amount": 1.0,
"reference_format": "kg",
"increment_bunch_amount": 1.0
}
},
{
"id": "14500",
"slug": "barritas-barquillo-meivel-rellenas-turron-viena-cacahuete-sabor-limon-paquete",
"limit": 999,
"badges": {
"is_water": false,
"requires_age_check": false
},
"packaging": "Paquete",
"published": true,
"share_url": "https://tienda.mercadona.es/product/14500/barritas-barquillo-meivel-rellenas-turron-viena-cacahuete-sabor-limon-paquete",
"thumbnail": "https://prod-mercadona.imgix.net/images/efb495ce3d2f3c62e209f4e3b0a27f14.jpg?fit=crop&h=300&w=300",
"categories": [
{
"id": 9,
"name": "Azúcar, caramelos y chocolate",
"level": 0,
"order": 11
}
],
"display_name": "Barritas de barquillo Meivel rellenas de turrón Viena",
"price_instructions": {
"iva": 10,
"is_new": false,
"is_pack": false,
"pack_size": null,
"unit_name": "ud.",
"unit_size": 0.18,
"bulk_price": "8.33",
"unit_price": "1.50",
"approx_size": false,
"size_format": "kg",
"total_units": 6,
"unit_selector": true,
"bunch_selector": false,
"drained_weight": null,
"selling_method": 0,
"price_decreased": false,
"reference_price": "8.334",
"min_bunch_amount": 1.0,
"reference_format": "kg",
"increment_bunch_amount": 1.0
}
},
{
"id": "12509",
"slug": "barritas-barquillo-tokke-original-banadas-chocolate-con-leche-valor-paquete",
"limit": 999,
"badges": {
"is_water": false,
"requires_age_check": false
},
"packaging": "Paquete",
"published": true,
"share_url": "https://tienda.mercadona.es/product/12509/barritas-barquillo-tokke-original-banadas-chocolate-con-leche-valor-paquete",
"thumbnail": "https://prod-mercadona.imgix.net/images/0140ae4167260911d58c695763561563.jpg?fit=crop&h=300&w=300",
"categories": [
{
"id": 9,
"name": "Azúcar, caramelos y chocolate",
"level": 0,
"order": 11
}
],
"display_name": "Barritas de barquillo Tokke original",
"price_instructions": {
"iva": 10,
"is_new": false,
"is_pack": false,
"pack_size": null,
"unit_name": "ud.",
"unit_size": 0.141,
"bulk_price": "8.16",
"unit_price": "1.15",
"approx_size": false,
"size_format": "kg",
"total_units": 3,
"unit_selector": true,
"bunch_selector": false,
"drained_weight": null,
"selling_method": 0,
"price_decreased": false,
"reference_price": "8.157",
"min_bunch_amount": 1.0,
"reference_format": "kg",
"increment_bunch_amount": 1.0
}
},
{
"id": "12094",
"slug": "disquitos-pintarolas-chocolate-con-leche-coloreados-paquete",
"limit": 999,
"badges": {
"is_water": false,
"requires_age_check": false
},
"packaging": "Paquete",
"published": true,
"share_url": "https://tienda.mercadona.es/product/12094/disquitos-pintarolas-chocolate-con-leche-coloreados-paquete",
"thumbnail": "https://prod-mercadona.imgix.net/images/9c21f0d353f64a2268b765f87dfdee7e.jpg?fit=crop&h=300&w=300",
"categories": [
{
"id": 9,
"name": "Azúcar, caramelos y chocolate",
"level": 0,
"order": 11
}
],
"display_name": "Disquitos Pintarolas de chocolate con leche coloreados",
"price_instructions": {
"iva": 10,
"is_new": false,
"is_pack": false,
"pack_size": null,
"unit_name": null,
"unit_size": 0.2,
"bulk_price": "7.25",
"unit_price": "1.45",
"approx_size": false,
"size_format": "kg",
"total_units": null,
"unit_selector": true,
"bunch_selector": false,
"drained_weight": null,
"selling_method": 0,
"price_decreased": false,
"reference_price": "7.250",
"min_bunch_amount": 1.0,
"reference_format": "kg",
"increment_bunch_amount": 1.0
}
},
{
"id": "12348",
"slug": "cacahuetes-hacendado-chocolate-negro-paquete",
"limit": 999,
"badges": {
"is_water": false,
"requires_age_check": false
},
"packaging": "Paquete",
"published": true,
"share_url": "https://tienda.mercadona.es/product/12348/cacahuetes-hacendado-chocolate-negro-paquete",
"thumbnail": "https://prod-mercadona.imgix.net/images/1c4154abdac3d88412273bac3cc212d2.jpg?fit=crop&h=300&w=300",
"categories": [
{
"id": 9,
"name": "Azúcar, caramelos y chocolate",
"level": 0,
"order": 11
}
],
"display_name": "Cacahuetes Hacendado chocolate negro",
"price_instructions": {
"iva": 10,
"is_new": false,
"is_pack": false,
"pack_size": null,
"unit_name": null,
"unit_size": 0.25,
"bulk_price": "7.40",
"unit_price": "1.85",
"approx_size": false,
"size_format": "kg",
"total_units": null,
"unit_selector": true,
"bunch_selector": false,
"drained_weight": null,
"selling_method": 0,
"price_decreased": false,
"reference_price": "7.400",
"min_bunch_amount": 1.0,
"reference_format": "kg",
"increment_bunch_amount": 1.0
}
},
{
"id": "12347",
"slug": "cacahuetes-hacendado-chocolate-con-leche-paquete",
"limit": 999,
"badges": {
"is_water": false,
"requires_age_check": false
},
"packaging": "Paquete",
"published": true,
"share_url": "https://tienda.mercadona.es/product/12347/cacahuetes-hacendado-chocolate-con-leche-paquete",
"thumbnail": "https://prod-mercadona.imgix.net/images/b1b9fdcc62351e2b78e93f0906eb2f4c.jpg?fit=crop&h=300&w=300",
"categories": [
{
"id": 9,
"name": "Azúcar, caramelos y chocolate",
"level": 0,
"order": 11
}
],
"display_name": "Cacahuetes Hacendado chocolate con leche",
"price_instructions": {
"iva": 10,
"is_new": false,
"is_pack": false,
"pack_size": null,
"unit_name": null,
"unit_size": 0.25,
"bulk_price": "7.40",
"unit_price": "1.85",
"approx_size": false,
"size_format": "kg",
"total_units": null,
"unit_selector": true,
"bunch_selector": false,
"drained_weight": null,
"selling_method": 0,
"price_decreased": false,
"reference_price": "7.400",
"min_bunch_amount": 1.0,
"reference_format": "kg",
"increment_bunch_amount": 1.0
}
},
{
"id": "12181",
"slug": "barritas-chocolate-con-leche-kinder-rellenas-leche-paquete",
"limit": 999,
"badges": {
"is_water": false,
"requires_age_check": false
},
"packaging": "Paquete",
"published": true,
"share_url": "https://tienda.mercadona.es/product/12181/barritas-chocolate-con-leche-kinder-rellenas-leche-paquete",
"thumbnail": "https://prod-mercadona.imgix.net/images/1c235045fabe2ca5776b1bad8af15de5.jpg?fit=crop&h=300&w=300",
"categories": [
{
"id": 9,
"name": "Azúcar, caramelos y chocolate",
"level": 0,
"order": 11
}
],
"display_name": "Barritas de chocolate con leche Kinder rellenas de leche",
"price_instructions": {
"iva": 10,
"is_new": false,
"is_pack": false,
"pack_size": null,
"unit_name": "ud.",
"unit_size": 0.2,
"bulk_price": "13.25",
"unit_price": "2.65",
"approx_size": false,
"size_format": "kg",
"total_units": 16,
"unit_selector": true,
"bunch_selector": false,
"drained_weight": null,
"selling_method": 0,
"price_decreased": false,
"reference_price": "13.250",
"min_bunch_amount": 1.0,
"reference_format": "kg",
"increment_bunch_amount": 1.0
}
},
{
"id": "12540",
"slug": "barritas-galleta-caramelo-hacendado-banadas-chocolate-con-leche-paquete",
"limit": 999,
"badges": {
"is_water": false,
"requires_age_check": false
},
"packaging": "Paquete",
"published": true,
"share_url": "https://tienda.mercadona.es/product/12540/barritas-galleta-caramelo-hacendado-banadas-chocolate-con-leche-paquete",
"thumbnail": "https://prod-mercadona.imgix.net/images/797eca2ef0d8ed144f72df73f00b7fad.jpg?fit=crop&h=300&w=300",
"categories": [
{
"id": 9,
"name": "Azúcar, caramelos y chocolate",
"level": 0,
"order": 11
}
],
"display_name": "Barritas de galleta y caramelo Hacendado bañadas de chocolate con leche",
"price_instructions": {
"iva": 10,
"is_new": false,
"is_pack": false,
"pack_size": null,
"unit_name": "ud.",
"unit_size": 0.2,
"bulk_price": "6.50",
"unit_price": "1.30",
"approx_size": false,
"size_format": "kg",
"total_units": 5,
"unit_selector": true,
"bunch_selector": false,
"drained_weight": null,
"selling_method": 0,
"price_decreased": false,
"reference_price": "6.500",
"min_bunch_amount": 1.0,
"reference_format": "kg",
"increment_bunch_amount": 1.0
}
},
{
"id": "67414",
"slug": "vasito-con-crema-cacao-choco-snack-hacendado-con-palitos-pan-untar-pack-2",
"limit": 999,
"badges": {
"is_water": false,
"requires_age_check": false
},
"packaging": "Pack-2",
"published": true,
"share_url": "https://tienda.mercadona.es/product/67414/vasito-con-crema-cacao-choco-snack-hacendado-con-palitos-pan-untar-pack-2",
"thumbnail": "https://prod-mercadona.imgix.net/images/8fb5f12ff5d2cb5cae016daf6fe37777.jpg?fit=crop&h=300&w=300",
"categories": [
{
"id": 9,
"name": "Azúcar, caramelos y chocolate",
"level": 0,
"order": 11
}
],
"display_name": "Vasito con crema de cacao Choco Snack Hacendado con palitos de pan",
"price_instructions": {
"iva": 10,
"is_new": false,
"is_pack": true,
"pack_size": 0.055,
"unit_name": "vasitos",
"unit_size": 0.11,
"bulk_price": "10.45",
"unit_price": "1.15",
"approx_size": false,
"size_format": "kg",
"total_units": 2,
"unit_selector": true,
"bunch_selector": false,
"drained_weight": null,
"selling_method": 0,
"price_decreased": false,
"reference_price": "10.455",
"min_bunch_amount": 1.0,
"reference_format": "kg",
"increment_bunch_amount": 1.0
}
},
{
"id": "12020",
"slug": "cacahuetes-chocoiris-hacendado-banados-chocolate-con-leche-coloreados-paquete",
"limit": 999,
"badges": {
"is_water": false,
"requires_age_check": false
},
"packaging": "Paquete",
"published": true,
"share_url": "https://tienda.mercadona.es/product/12020/cacahuetes-chocoiris-hacendado-banados-chocolate-con-leche-coloreados-paquete",
"thumbnail": "https://prod-mercadona.imgix.net/images/c1f79283746d66cd19b61eeae7589bdc.jpg?fit=crop&h=300&w=300",
"categories": [
{
"id": 9,
"name": "Azúcar, caramelos y chocolate",
"level": 0,
"order": 11
}
],
"display_name": "Cacahuetes Chocoiris Hacendado bañados de chocolate con leche coloreados",
"price_instructions": {
"iva": 10,
"is_new": false,
"is_pack": false,
"pack_size": null,
"unit_name": null,
"unit_size": 0.18,
"bulk_price": "8.06",
"unit_price": "1.45",
"approx_size": false,
"size_format": "kg",
"total_units": null,
"unit_selector": true,
"bunch_selector": false,
"drained_weight": null,
"selling_method": 0,
"price_decreased": false,
"reference_price": "8.056",
"min_bunch_amount": 1.0,
"reference_format": "kg",
"increment_bunch_amount": 1.0
}
},
{
"id": "12027",
"slug": "almendras-hacendado-chocolate-negro-paquete",
"limit": 999,
"badges": {
"is_water": false,
"requires_age_check": false
},
"packaging": "Paquete",
"published": true,
"share_url": "https://tienda.mercadona.es/product/12027/almendras-hacendado-chocolate-negro-paquete",
"thumbnail": "https://prod-mercadona.imgix.net/images/4aa088665370e1329e145a7d1197388e.jpg?fit=crop&h=300&w=300",
"categories": [
{
"id": 9,
"name": "Azúcar, caramelos y chocolate",
"level": 0,
"order": 11
}
],
"display_name": "Almendras Hacendado chocolate negro",
"price_instructions": {
"iva": 10,
"is_new": false,
"is_pack": false,
"pack_size": null,
"unit_name": null,
"unit_size": 0.15,
"bulk_price": "12.67",
"unit_price": "1.90",
"approx_size": false,
"size_format": "kg",
"total_units": null,
"unit_selector": true,
"bunch_selector": false,
"drained_weight": null,
"selling_method": 0,
"price_decreased": false,
"reference_price": "12.667",
"min_bunch_amount": 1.0,
"reference_format": "kg",
"increment_bunch_amount": 1.0
}
},
{
"id": "12457",
"slug": "monedas-chocolate-con-leche-malla",
"limit": 999,
"badges": {
"is_water": false,
"requires_age_check": false
},
"packaging": "Malla",
"published": true,
"share_url": "https://tienda.mercadona.es/product/12457/monedas-chocolate-con-leche-malla",
"thumbnail": "https://prod-mercadona.imgix.net/images/3ab0f87efde4067dba62b5855cb309b1.jpg?fit=crop&h=300&w=300",
"categories": [
{
"id": 9,
"name": "Azúcar, caramelos y chocolate",
"level": 0,
"order": 11
}
],
"display_name": "Monedas de chocolate con leche",
"price_instructions": {
"iva": 10,
"is_new": false,
"is_pack": false,
"pack_size": null,
"unit_name": null,
"unit_size": 0.07,
"bulk_price": "15.00",
"unit_price": "1.05",
"approx_size": false,
"size_format": "kg",
"total_units": null,
"unit_selector": true,
"bunch_selector": false,
"drained_weight": null,
"selling_method": 0,
"price_decreased": false,
"reference_price": "15.000",
"min_bunch_amount": 1.0,
"reference_format": "kg",
"increment_bunch_amount": 1.0
}
},
{
"id": "12364",
"slug": "huevos-chocolate-hacendado-dibujo-con-sorpresa-pack-3",
"limit": 999,
"badges": {
"is_water": false,
"requires_age_check": false
},
"packaging": "Pack-3",
"published": true,
"share_url": "https://tienda.mercadona.es/product/12364/huevos-chocolate-hacendado-dibujo-con-sorpresa-pack-3",
"thumbnail": "https://prod-mercadona.imgix.net/images/705fd2f9f78dba069aa8129cc730e7ff.jpg?fit=crop&h=300&w=300",
"categories": [
{
"id": 9,
"name": "Azúcar, caramelos y chocolate",
"level": 0,
"order": 11
}
],
"display_name": "Huevos de chocolate Hacendado dibujo",
"price_instructions": {
"iva": 10,
"is_new": false,
"is_pack": true,
"pack_size": 0.02,
"unit_name": "ud.",
"unit_size": 0.06,
"bulk_price": "25.00",
"unit_price": "1.50",
"approx_size": false,
"size_format": "kg",
"total_units": 3,
"unit_selector": true,
"bunch_selector": false,
"drained_weight": null,
"selling_method": 0,
"price_decreased": false,
"reference_price": "25.000",
"min_bunch_amount": 1.0,
"reference_format": "kg",
"increment_bunch_amount": 1.0
}
},
{
"id": "12362",
"slug": "huevos-chocolate-hacendado-dibujo-con-sorpresa-pack-3",
"limit": 999,
"badges": {
"is_water": false,
"requires_age_check": false
},
"packaging": "Pack-3",
"published": true,
"share_url": "https://tienda.mercadona.es/product/12362/huevos-chocolate-hacendado-dibujo-con-sorpresa-pack-3",
"thumbnail": "https://prod-mercadona.imgix.net/images/55491088dfcc956ae418af2b0015f5d9.jpg?fit=crop&h=300&w=300",
"categories": [
{
"id": 9,
"name": "Azúcar, caramelos y chocolate",
"level": 0,
"order": 11
}
],
"display_name": "Huevos de chocolate Hacendado dibujo",
"price_instructions": {
"iva": 10,
"is_new": false,
"is_pack": true,
"pack_size": 0.02,
"unit_name": "ud.",
"unit_size": 0.06,
"bulk_price": "25.00",
"unit_price": "1.50",
"approx_size": false,
"size_format": "kg",
"total_units": 3,
"unit_selector": true,
"bunch_selector": false,
"drained_weight": null,
"selling_method": 0,
"price_decreased": false,
"reference_price": "25.000",
"min_bunch_amount": 1.0,
"reference_format": "kg",
"increment_bunch_amount": 1.0
}
},
{
"id": "12421",
"slug": "huevo-chocolate-hacendado-con-sorpresa",
"limit": 999,
"badges": {
"is_water": false,
"requires_age_check": false
},
"packaging": null,
"published": true,
"share_url": "https://tienda.mercadona.es/product/12421/huevo-chocolate-hacendado-con-sorpresa",
"thumbnail": "https://prod-mercadona.imgix.net/images/c7f3077f8d1bd9ee990b1f1617627168.jpg?fit=crop&h=300&w=300",
"categories": [
{
"id": 9,
"name": "Azúcar, caramelos y chocolate",
"level": 0,
"order": 11
}
],
"display_name": "Huevo de chocolate Hacendado",
"price_instructions": {
"iva": 10,
"is_new": false,
"is_pack": false,
"pack_size": null,
"unit_name": null,
"unit_size": 0.05,
"bulk_price": "23.00",
"unit_price": "1.15",
"approx_size": false,
"size_format": "kg",
"total_units": null,
"unit_selector": true,
"bunch_selector": false,
"drained_weight": null,
"selling_method": 0,
"price_decreased": false,
"reference_price": "23.000",
"min_bunch_amount": 1.0,
"reference_format": "kg",
"increment_bunch_amount": 1.0
}
},
{
"id": "12420",
"slug": "huevo-crema-cacao-con-disquitos-sorpresa",
"limit": 999,
"badges": {
"is_water": false,
"requires_age_check": false
},
"packaging": null,
"published": true,
"share_url": "https://tienda.mercadona.es/product/12420/huevo-crema-cacao-con-disquitos-sorpresa",
"thumbnail": "https://prod-mercadona.imgix.net/images/91c8feded9dda687fd4d9b0b18b15266.jpg?fit=crop&h=300&w=300",
"categories": [
{
"id": 9,
"name": "Azúcar, caramelos y chocolate",
"level": 0,
"order": 11
}
],
"display_name": "Huevo crema al cacao",
"price_instructions": {
"iva": 10,
"is_new": false,
"is_pack": false,
"pack_size": null,
"unit_name": null,
"unit_size": 0.025,
"bulk_price": "44.00",
"unit_price": "1.10",
"approx_size": false,
"size_format": "kg",
"total_units": null,
"unit_selector": true,
"bunch_selector": false,
"drained_weight": null,
"selling_method": 0,
"price_decreased": false,
"reference_price": "4.400",
"min_bunch_amount": 1.0,
"reference_format": "100 g",
"increment_bunch_amount": 1.0
}
},
{
"id": "34046",
"slug": "bolas-cereal-hacendado-banadas-chocolate-negro-con-leche-blanco-paquete",
"limit": 999,
"badges": {
"is_water": false,
"requires_age_check": false
},
"packaging": "Paquete",
"published": true,
"share_url": "https://tienda.mercadona.es/product/34046/bolas-cereal-hacendado-banadas-chocolate-negro-con-leche-blanco-paquete",
"thumbnail": "https://prod-mercadona.imgix.net/images/08a9fb746f1fd70926d0d6ca8ad65f87.jpg?fit=crop&h=300&w=300",
"categories": [
{
"id": 9,
"name": "Azúcar, caramelos y chocolate",
"level": 0,
"order": 11
}
],
"display_name": "Bolas de cereal Hacendado bañadas de chocolate negro, con leche y blanco",
"price_instructions": {
"iva": 10,
"is_new": false,
"is_pack": false,
"pack_size": null,
"unit_name": null,
"unit_size": 0.2,
"bulk_price": "9.25",
"unit_price": "1.85",
"approx_size": false,
"size_format": "kg",
"total_units": null,
"unit_selector": true,
"bunch_selector": false,
"drained_weight": null,
"selling_method": 0,
"price_decreased": false,
"reference_price": "9.250",
"min_bunch_amount": 1.0,
"reference_format": "kg",
"increment_bunch_amount": 1.0
}
},
{
"id": "13571",
"slug": "barritas-barquillo-hacendado-rellenas-avellanas-chocolate-con-leche-paquete",
"limit": 999,
"badges": {
"is_water": false,
"requires_age_check": false
},
"packaging": "Paquete",
"published": true,
"share_url": "https://tienda.mercadona.es/product/13571/barritas-barquillo-hacendado-rellenas-avellanas-chocolate-con-leche-paquete",
"thumbnail": "https://prod-mercadona.imgix.net/images/d9ef05b4d670a6204ab87143f05dee66.jpg?fit=crop&h=300&w=300",
"categories": [
{
"id": 9,
"name": "Azúcar, caramelos y chocolate",
"level": 0,
"order": 11
}
],
"display_name": "Barritas de barquillo Hacendado rellenas de avellanas y chocolate con leche",
"price_instructions": {
"iva": 10,
"is_new": false,
"is_pack": false,
"pack_size": null,
"unit_name": "ud.",
"unit_size": 0.135,
"bulk_price": "9.26",
"unit_price": "1.25",
"approx_size": false,
"size_format": "kg",
"total_units": 6,
"unit_selector": true,
"bunch_selector": false,
"drained_weight": null,
"selling_method": 0,
"price_decreased": false,
"reference_price": "9.260",
"min_bunch_amount": 1.0,
"reference_format": "kg",
"increment_bunch_amount": 1.0
}
},
{
"id": "12349",
"slug": "barritas-barquillo-kinder-bueno-white-banadas-chocolate-blanco-rellenas-con-crema-leche-avellanas-pack-3",
"limit": 999,
"badges": {
"is_water": false,
"requires_age_check": false
},
"packaging": "Pack-3",
"published": true,
"share_url": "https://tienda.mercadona.es/product/12349/barritas-barquillo-kinder-bueno-white-banadas-chocolate-blanco-rellenas-con-crema-leche-avellanas-pack-3",
"thumbnail": "https://prod-mercadona.imgix.net/images/be5952252045062471a80268ce174c56.jpg?fit=crop&h=300&w=300",
"categories": [
{
"id": 9,
"name": "Azúcar, caramelos y chocolate",
"level": 0,
"order": 11
}
],
"display_name": "Barritas de barquillo Kinder Bueno white bañadas de chocolate blanco",
"price_instructions": {
"iva": 10,
"is_new": false,
"is_pack": true,
"pack_size": 0.039,
"unit_name": "paquetes",
"unit_size": 0.117,
"bulk_price": "21.28",
"unit_price": "2.49",
"approx_size": false,
"size_format": "kg",
"total_units": 3,
"unit_selector": true,
"bunch_selector": false,
"drained_weight": null,
"selling_method": 0,
"price_decreased": false,
"reference_price": "21.283",
"min_bunch_amount": 1.0,
"reference_format": "kg",
"increment_bunch_amount": 1.0
}
},
{
"id": "12022",
"slug": "nueces-hacendado-chocolate-con-leche-paquete",
"limit": 999,
"badges": {
"is_water": false,
"requires_age_check": false
},
"packaging": "Paquete",
"published": true,
"share_url": "https://tienda.mercadona.es/product/12022/nueces-hacendado-chocolate-con-leche-paquete",
"thumbnail": "https://prod-mercadona.imgix.net/images/034c61146972d58decd9b5c7d1336f6d.jpg?fit=crop&h=300&w=300",
"categories": [
{
"id": 9,
"name": "Azúcar, caramelos y chocolate",
"level": 0,
"order": 11
}
],
"display_name": "Nueces Hacendado chocolate con leche",
"price_instructions": {
"iva": 10,
"is_new": false,
"is_pack": false,
"pack_size": null,
"unit_name": null,
"unit_size": 0.15,
"bulk_price": "13.67",
"unit_price": "2.05",
"approx_size": false,
"size_format": "kg",
"total_units": null,
"unit_selector": true,
"bunch_selector": false,
"drained_weight": null,
"selling_method": 0,
"price_decreased": false,
"reference_price": "13.667",
"min_bunch_amount": 1.0,
"reference_format": "kg",
"increment_bunch_amount": 1.0
}
},
{
"id": "33364",
"slug": "bombitas-choco-hacendado-palomitas-banadas-cacao-paquete",
"limit": 999,
"badges": {
"is_water": false,
"requires_age_check": false
},
"packaging": "Paquete",
"published": true,
"share_url": "https://tienda.mercadona.es/product/33364/bombitas-choco-hacendado-palomitas-banadas-cacao-paquete",
"thumbnail": "https://prod-mercadona.imgix.net/images/155fc3cb68ca72631ade86b423905190.jpg?fit=crop&h=300&w=300",
"categories": [
{
"id": 9,
"name": "Azúcar, caramelos y chocolate",
"level": 0,
"order": 11
}
],
"display_name": "Bombitas choco Hacendado palomitas bañadas al cacao",
"price_instructions": {
"iva": 10,
"is_new": false,
"is_pack": false,
"pack_size": null,
"unit_name": null,
"unit_size": 0.1,
"bulk_price": "12.00",
"unit_price": "1.20",
"approx_size": false,
"size_format": "kg",
"total_units": null,
"unit_selector": true,
"bunch_selector": false,
"drained_weight": null,
"selling_method": 0,
"price_decreased": false,
"reference_price": "12.000",
"min_bunch_amount": 1.0,
"reference_format": "kg",
"increment_bunch_amount": 1.0
}
},
{
"id": "36307",
"slug": "trufas-clasicas-cacao-hacendado-caja",
"limit": 999,
"badges": {
"is_water": false,
"requires_age_check": false
},
"packaging": "Caja",
"published": true,
"share_url": "https://tienda.mercadona.es/product/36307/trufas-clasicas-cacao-hacendado-caja",
"thumbnail": "https://prod-mercadona.imgix.net/images/02e3da6f03db68112fd0d80bfc67c124.jpg?fit=crop&h=300&w=300",
"categories": [
{
"id": 9,
"name": "Azúcar, caramelos y chocolate",
"level": 0,
"order": 11
}
],
"display_name": "Trufas clásicas al cacao Hacendado",
"price_instructions": {
"iva": 10,
"is_new": false,
"is_pack": false,
"pack_size": null,
"unit_name": null,
"unit_size": 0.25,
"bulk_price": "5.60",
"unit_price": "1.40",
"approx_size": false,
"size_format": "kg",
"total_units": null,
"unit_selector": true,
"bunch_selector": false,
"drained_weight": null,
"selling_method": 0,
"price_decreased": false,
"reference_price": "5.600",
"min_bunch_amount": 1.0,
"reference_format": "kg",
"increment_bunch_amount": 1.0
}
},
{
"id": "22754",
"slug": "bolitas-galleta-conguitos-recubiertas-chocolate-con-leche-chocolate-blanco-paquete",
"limit": 999,
"badges": {
"is_water": false,
"requires_age_check": false
},
"packaging": "Paquete",
"published": true,
"share_url": "https://tienda.mercadona.es/product/22754/bolitas-galleta-conguitos-recubiertas-chocolate-con-leche-chocolate-blanco-paquete",
"thumbnail": "https://prod-mercadona.imgix.net/images/7d011c0f4e8aad18c941d99591fe7507.jpg?fit=crop&h=300&w=300",
"categories": [
{
"id": 9,
"name": "Azúcar, caramelos y chocolate",
"level": 0,
"order": 11
}
],
"display_name": "Bolitas de galleta Conguitos recubiertas de chocolate con leche y chocolate blanco",
"price_instructions": {
"iva": 10,
"is_new": false,
"is_pack": false,
"pack_size": null,
"unit_name": null,
"unit_size": 0.18,
"bulk_price": "9.72",
"unit_price": "1.75",
"approx_size": false,
"size_format": "kg",
"total_units": null,
"unit_selector": true,
"bunch_selector": false,
"drained_weight": null,
"selling_method": 0,
"price_decreased": false,
"reference_price": "9.723",
"min_bunch_amount": 1.0,
"reference_format": "kg",
"increment_bunch_amount": 1.0
}
},
{
"id": "12413",
"slug": "huevos-chocolate-con-disquitos-colores-pascua-hacendado-chocolate-blanco-chocolate-con-leche-paquete",
"limit": 999,
"badges": {
"is_water": false,
"requires_age_check": false
},
"packaging": "Paquete",
"published": true,
"share_url": "https://tienda.mercadona.es/product/12413/huevos-chocolate-con-disquitos-colores-pascua-hacendado-chocolate-blanco-chocolate-con-leche-paquete",
"thumbnail": "https://prod-mercadona.imgix.net/images/47c08b7dbb49f0bd0917a13d788c0847.jpg?fit=crop&h=300&w=300",
"categories": [
{
"id": 9,
"name": "Azúcar, caramelos y chocolate",
"level": 0,
"order": 11
}
],
"display_name": "Huevos de chocolate con disquitos de colores Pascua Hacendado",
"price_instructions": {
"iva": 10,
"is_new": false,
"is_pack": false,
"pack_size": null,
"unit_name": null,
"unit_size": 0.15,
"bulk_price": "15.33",
"unit_price": "2.30",
"approx_size": false,
"size_format": "kg",
"total_units": null,
"unit_selector": true,
"bunch_selector": false,
"drained_weight": null,
"selling_method": 0,
"price_decreased": false,
"reference_price": "15.334",
"min_bunch_amount": 1.0,
"reference_format": "kg",
"increment_bunch_amount": 1.0
}
},
{
"id": "15899",
"slug": "huevos-chocolate-rellenos-con-crema-avellana-pascua-hacendado-paquete",
"limit": 999,
"badges": {
"is_water": false,
"requires_age_check": false
},
"packaging": "Paquete",
"published": true,
"share_url": "https://tienda.mercadona.es/product/15899/huevos-chocolate-rellenos-con-crema-avellana-pascua-hacendado-paquete",
"thumbnail": "https://prod-mercadona.imgix.net/images/ad033402b8a1711cabb227e5bc03ec64.jpg?fit=crop&h=300&w=300",
"categories": [
{
"id": 9,
"name": "Azúcar, caramelos y chocolate",
"level": 0,
"order": 11
}
],
"display_name": "Huevos de chocolate rellenos con crema de avellana Pascua Hacendado",
"price_instructions": {
"iva": 10,
"is_new": false,
"is_pack": false,
"pack_size": null,
"unit_name": null,
"unit_size": 0.12,
"bulk_price": "12.50",
"unit_price": "1.50",
"approx_size": false,
"size_format": "kg",
"total_units": null,
"unit_selector": true,
"bunch_selector": false,
"drained_weight": null,
"selling_method": 0,
"price_decreased": false,
"reference_price": "12.500",
"min_bunch_amount": 1.0,
"reference_format": "kg",
"increment_bunch_amount": 1.0
}
},
{
"id": "36051",
"slug": "huevos-chocolate-con-leche-spoon-con-relleno-pascua-cadbury-paquete",
"limit": 999,
"badges": {
"is_water": false,
"requires_age_check": false
},
"packaging": "Paquete",
"published": true,
"share_url": "https://tienda.mercadona.es/product/36051/huevos-chocolate-con-leche-spoon-con-relleno-pascua-cadbury-paquete",
"thumbnail": "https://prod-mercadona.imgix.net/images/f679f10eeb65d0739d8adf00d69452f7.jpg?fit=crop&h=300&w=300",
"categories": [
{
"id": 9,
"name": "Azúcar, caramelos y chocolate",
"level": 0,
"order": 11
}
],
"display_name": "Huevos de chocolate con leche Spoon con relleno Pascua Cadbury",
"price_instructions": {
"iva": 10,
"is_new": false,
"is_pack": false,
"pack_size": null,
"unit_name": "ud.",
"unit_size": 0.136,
"bulk_price": "14.71",
"unit_price": "2.00",
"approx_size": false,
"size_format": "kg",
"total_units": 4,
"unit_selector": true,
"bunch_selector": false,
"drained_weight": null,
"selling_method": 0,
"price_decreased": false,
"reference_price": "14.706",
"min_bunch_amount": 1.0,
"reference_format": "kg",
"increment_bunch_amount": 1.0
}
}
],
"published": true,
"is_extended": false
},
{
"id": 804,
"name": "Bombones",
"order": 11,
"layout": 2,
"products": [
{
"id": "12238",
"slug": "surtido-bombones-senzza-chocolate-con-avellana-fondant-praline-almendra-paquete",
"limit": 999,
"badges": {
"is_water": false,
"requires_age_check": false
},
"packaging": "Paquete",
"published": true,
"share_url": "https://tienda.mercadona.es/product/12238/surtido-bombones-senzza-chocolate-con-avellana-fondant-praline-almendra-paquete",
"thumbnail": "https://prod-mercadona.imgix.net/images/200df536791a2e7662aedc004def53b3.jpg?fit=crop&h=300&w=300",
"categories": [
{
"id": 9,
"name": "Azúcar, caramelos y chocolate",
"level": 0,
"order": 11
}
],
"display_name": "Surtido bombones Senzza de chocolate con avellana, fondant, praliné y almendra",
"price_instructions": {
"iva": 10,
"is_new": false,
"is_pack": false,
"pack_size": null,
"unit_name": null,
"unit_size": 0.47,
"bulk_price": "7.98",
"unit_price": "3.75",
"approx_size": false,
"size_format": "kg",
"total_units": null,
"unit_selector": true,
"bunch_selector": false,
"drained_weight": null,
"selling_method": 0,
"price_decreased": false,
"reference_price": "7.979",
"min_bunch_amount": 1.0,
"reference_format": "kg",
"increment_bunch_amount": 1.0
}
},
{
"id": "12467",
"slug": "bombones-cereza-licor-boutique-praline-con-chocolate-negro-extrafino-paquete",
"limit": 999,
"badges": {
"is_water": false,
"requires_age_check": false
},
"packaging": "Paquete",
"published": true,
"share_url": "https://tienda.mercadona.es/product/12467/bombones-cereza-licor-boutique-praline-con-chocolate-negro-extrafino-paquete",
"thumbnail": "https://prod-mercadona.imgix.net/images/e3d944eb045521e1eceb1baad969f062.jpg?fit=crop&h=300&w=300",
"categories": [
{
"id": 9,
"name": "Azúcar, caramelos y chocolate",
"level": 0,
"order": 11
}
],
"display_name": "Bombones cereza al licor La Boutique del Praliné con chocolate negro extrafino",
"price_instructions": {
"iva": 10,
"is_new": false,
"is_pack": false,
"pack_size": null,
"unit_name": "ud.",
"unit_size": 0.145,
"bulk_price": "10.55",
"unit_price": "1.53",
"approx_size": false,
"size_format": "kg",
"total_units": null,
"unit_selector": true,
"bunch_selector": false,
"drained_weight": null,
"selling_method": 0,
"price_decreased": false,
"reference_price": "10.552",
"min_bunch_amount": 1.0,
"reference_format": "kg",
"increment_bunch_amount": 1.0
}
},
{
"id": "22431",
"slug": "surtido-bombones-cadbury-caja",
"limit": 999,
"badges": {
"is_water": false,
"requires_age_check": false
},
"packaging": "Caja",
"published": true,
"share_url": "https://tienda.mercadona.es/product/22431/surtido-bombones-cadbury-caja",
"thumbnail": "https://prod-mercadona.imgix.net/images/44af101689c2a60b89b0dd36b0b39a6f.jpg?fit=crop&h=300&w=300",
"categories": [
{
"id": 9,
"name": "Azúcar, caramelos y chocolate",
"level": 0,
"order": 11
}
],
"display_name": "Surtido bombones Cadbury",
"price_instructions": {
"iva": 10,
"is_new": false,
"is_pack": false,
"pack_size": null,
"unit_name": "ud.",
"unit_size": 0.36,
"bulk_price": "10.56",
"unit_price": "3.80",
"approx_size": false,
"size_format": "kg",
"total_units": 34,
"unit_selector": true,
"bunch_selector": false,
"drained_weight": null,
"selling_method": 0,
"price_decreased": false,
"reference_price": "10.556",
"min_bunch_amount": 1.0,
"reference_format": "kg",
"increment_bunch_amount": 1.0
}
},
{
"id": "12288",
"slug": "surtido-bombones-caja-roja-nestle-caja",
"limit": 999,
"badges": {
"is_water": false,
"requires_age_check": false
},
"packaging": "Caja",
"published": true,
"share_url": "https://tienda.mercadona.es/product/12288/surtido-bombones-caja-roja-nestle-caja",
"thumbnail": "https://prod-mercadona.imgix.net/images/b877d68b0b925ee2a49029aa2c188e33.jpg?fit=crop&h=300&w=300",
"categories": [
{
"id": 9,
"name": "Azúcar, caramelos y chocolate",
"level": 0,
"order": 11
}
],
"display_name": "Surtido bombones Caja Roja Nestlé",
"price_instructions": {
"iva": 10,
"is_new": false,
"is_pack": false,
"pack_size": null,
"unit_name": "ud.",
"unit_size": 0.2,
"bulk_price": "26.25",
"unit_price": "5.25",
"approx_size": false,
"size_format": "kg",
"total_units": 22,
"unit_selector": true,
"bunch_selector": false,
"drained_weight": null,
"selling_method": 0,
"price_decreased": false,
"reference_price": "26.250",
"min_bunch_amount": 1.0,
"reference_format": "kg",
"increment_bunch_amount": 1.0
}
},
{
"id": "22838",
"slug": "surtido-bombones-senzza-0-azucares-anadidos-paquete",
"limit": 999,
"badges": {
"is_water": false,
"requires_age_check": false
},
"packaging": "Paquete",
"published": true,
"share_url": "https://tienda.mercadona.es/product/22838/surtido-bombones-senzza-0-azucares-anadidos-paquete",
"thumbnail": "https://prod-mercadona.imgix.net/images/32712fed69959e21cfd6bf8c85628c60.jpg?fit=crop&h=300&w=300",
"categories": [
{
"id": 9,
"name": "Azúcar, caramelos y chocolate",
"level": 0,
"order": 11
}
],
"display_name": "Surtido bombones Senzza 0% azúcares añadidos",
"price_instructions": {
"iva": 10,
"is_new": false,
"is_pack": false,
"pack_size": null,
"unit_name": "ud.",
"unit_size": 0.125,
"bulk_price": "17.60",
"unit_price": "2.20",
"approx_size": false,
"size_format": "kg",
"total_units": 12,
"unit_selector": true,
"bunch_selector": false,
"drained_weight": null,
"selling_method": 0,
"price_decreased": false,
"reference_price": "17.600",
"min_bunch_amount": 1.0,
"reference_format": "kg",
"increment_bunch_amount": 1.0
}
},
{
"id": "12423",
"slug": "surtido-bombones-boutique-praline-caja",
"limit": 999,
"badges": {
"is_water": false,
"requires_age_check": false
},
"packaging": "Caja",
"published": true,
"share_url": "https://tienda.mercadona.es/product/12423/surtido-bombones-boutique-praline-caja",
"thumbnail": "https://prod-mercadona.imgix.net/images/1bfcc444afe719aca06f42725c36c1e3.jpg?fit=crop&h=300&w=300",
"categories": [
{
"id": 9,
"name": "Azúcar, caramelos y chocolate",
"level": 0,
"order": 11
}
],
"display_name": "Surtido bombones La Boutique del Praliné",
"price_instructions": {
"iva": 10,
"is_new": false,
"is_pack": false,
"pack_size": null,
"unit_name": "ud.",
"unit_size": 0.4,
"bulk_price": "14.88",
"unit_price": "5.95",
"approx_size": false,
"size_format": "kg",
"total_units": 38,
"unit_selector": true,
"bunch_selector": false,
"drained_weight": null,
"selling_method": 0,
"price_decreased": false,
"reference_price": "14.875",
"min_bunch_amount": 1.0,
"reference_format": "kg",
"increment_bunch_amount": 1.0
}
},
{
"id": "14221",
"slug": "surtido-bombones-chocolate-negro-70-senzza-paquete",
"limit": 999,
"badges": {
"is_water": false,
"requires_age_check": false
},
"packaging": "Paquete",
"published": true,
"share_url": "https://tienda.mercadona.es/product/14221/surtido-bombones-chocolate-negro-70-senzza-paquete",
"thumbnail": "https://prod-mercadona.imgix.net/images/ddc6aa03a9b59a54a6434393e1b75da2.jpg?fit=crop&h=300&w=300",
"categories": [
{
"id": 9,
"name": "Azúcar, caramelos y chocolate",
"level": 0,
"order": 11
}
],
"display_name": "Surtido bombones de chocolate negro 70% Senzza",
"price_instructions": {
"iva": 10,
"is_new": false,
"is_pack": false,
"pack_size": null,
"unit_name": "ud.",
"unit_size": 0.18,
"bulk_price": "12.22",
"unit_price": "2.20",
"approx_size": false,
"size_format": "kg",
"total_units": 16,
"unit_selector": true,
"bunch_selector": false,
"drained_weight": null,
"selling_method": 0,
"price_decreased": false,
"reference_price": "12.223",
"min_bunch_amount": 1.0,
"reference_format": "kg",
"increment_bunch_amount": 1.0
}
},
{
"id": "12424",
"slug": "surtido-bombones-boutique-praline-caja",
"limit": 999,
"badges": {
"is_water": false,
"requires_age_check": false
},
"packaging": "Caja",
"published": true,
"share_url": "https://tienda.mercadona.es/product/12424/surtido-bombones-boutique-praline-caja",
"thumbnail": "https://prod-mercadona.imgix.net/images/961d26f676d1f95b66a24ee36740b8fe.jpg?fit=crop&h=300&w=300",
"categories": [
{
"id": 9,
"name": "Azúcar, caramelos y chocolate",
"level": 0,
"order": 11
}
],
"display_name": "Surtido bombones La Boutique del Praliné",
"price_instructions": {
"iva": 10,
"is_new": false,
"is_pack": false,
"pack_size": null,
"unit_name": "ud.",
"unit_size": 0.2,
"bulk_price": "14.75",
"unit_price": "2.95",
"approx_size": false,
"size_format": "kg",
"total_units": 19,
"unit_selector": true,
"bunch_selector": false,
"drained_weight": null,
"selling_method": 0,
"price_decreased": false,
"reference_price": "14.750",
"min_bunch_amount": 1.0,
"reference_format": "kg",
"increment_bunch_amount": 1.0
}
},
{
"id": "12471",
"slug": "bombones-delicias-avellana-delizze-hacendado-caja",
"limit": 999,
"badges": {
"is_water": false,
"requires_age_check": false
},
"packaging": "Caja",
"published": true,
"share_url": "https://tienda.mercadona.es/product/12471/bombones-delicias-avellana-delizze-hacendado-caja",
"thumbnail": "https://prod-mercadona.imgix.net/images/1c0f689867dbf56c80521c0725301b12.jpg?fit=crop&h=300&w=300",
"categories": [
{
"id": 9,
"name": "Azúcar, caramelos y chocolate",
"level": 0,
"order": 11
}
],
"display_name": "Bombones delicias de avellana Delizze Hacendado",
"price_instructions": {
"iva": 10,
"is_new": false,
"is_pack": false,
"pack_size": null,
"unit_name": "ud.",
"unit_size": 0.216,
"bulk_price": "13.66",
"unit_price": "2.95",
"approx_size": false,
"size_format": "kg",
"total_units": 16,
"unit_selector": true,
"bunch_selector": false,
"drained_weight": null,
"selling_method": 0,
"price_decreased": false,
"reference_price": "13.658",
"min_bunch_amount": 1.0,
"reference_format": "kg",
"increment_bunch_amount": 1.0
}
},
{
"id": "22839",
"slug": "bombones-almendrados-senzza-chocolate-con-leche-relleno-praline-con-trocitos-almendra-paquete",
"limit": 999,
"badges": {
"is_water": false,
"requires_age_check": false
},
"packaging": "Paquete",
"published": true,
"share_url": "https://tienda.mercadona.es/product/22839/bombones-almendrados-senzza-chocolate-con-leche-relleno-praline-con-trocitos-almendra-paquete",
"thumbnail": "https://prod-mercadona.imgix.net/images/e2f3da024729adcfcb2e9cde943abb35.jpg?fit=crop&h=300&w=300",
"categories": [
{
"id": 9,
"name": "Azúcar, caramelos y chocolate",
"level": 0,
"order": 11
}
],
"display_name": "Bombones almendrados Senzza de chocolate con leche relleno de praliné con trocitos de almendra",
"price_instructions": {
"iva": 10,
"is_new": false,
"is_pack": false,
"pack_size": null,
"unit_name": "ud.",
"unit_size": 0.122,
"bulk_price": "12.30",
"unit_price": "1.50",
"approx_size": false,
"size_format": "kg",
"total_units": 12,
"unit_selector": true,
"bunch_selector": false,
"drained_weight": null,
"selling_method": 0,
"price_decreased": false,
"reference_price": "12.296",
"min_bunch_amount": 1.0,
"reference_format": "kg",
"increment_bunch_amount": 1.0
}
},
{
"id": "22289",
"slug": "surtido-bombones-dark-collection-70-boutique-praline-caja",
"limit": 999,
"badges": {
"is_water": false,
"requires_age_check": false
},
"packaging": "Caja",
"published": true,
"share_url": "https://tienda.mercadona.es/product/22289/surtido-bombones-dark-collection-70-boutique-praline-caja",
"thumbnail": "https://prod-mercadona.imgix.net/images/5e9c67534d840b00314e40a17fe84491.jpg?fit=crop&h=300&w=300",
"categories": [
{
"id": 9,
"name": "Azúcar, caramelos y chocolate",
"level": 0,
"order": 11
}
],
"display_name": "Surtido bombones dark collection 70% La Boutique del Praliné",
"price_instructions": {
"iva": 10,
"is_new": false,
"is_pack": false,
"pack_size": null,
"unit_name": "ud.",
"unit_size": 0.12,
"bulk_price": "24.58",
"unit_price": "2.95",
"approx_size": false,
"size_format": "kg",
"total_units": 12,
"unit_selector": true,
"bunch_selector": false,
"drained_weight": null,
"selling_method": 0,
"price_decreased": false,
"reference_price": "24.584",
"min_bunch_amount": 1.0,
"reference_format": "kg",
"increment_bunch_amount": 1.0
}
},
{
"id": "22290",
"slug": "bombones-coco-cocolizze-hacendado-caja",
"limit": 999,
"badges": {
"is_water": false,
"requires_age_check": false
},
"packaging": "Caja",
"published": true,
"share_url": "https://tienda.mercadona.es/product/22290/bombones-coco-cocolizze-hacendado-caja",
"thumbnail": "https://prod-mercadona.imgix.net/images/e4a8e82e7ef5996ea66fc65343e631d0.jpg?fit=crop&h=300&w=300",
"categories": [
{
"id": 9,
"name": "Azúcar, caramelos y chocolate",
"level": 0,
"order": 11
}
],
"display_name": "Bombones de coco Cocolizze Hacendado",
"price_instructions": {
"iva": 10,
"is_new": false,
"is_pack": false,
"pack_size": null,
"unit_name": "ud.",
"unit_size": 0.15,
"bulk_price": "16.00",
"unit_price": "2.40",
"approx_size": false,
"size_format": "kg",
"total_units": 12,
"unit_selector": true,
"bunch_selector": false,
"drained_weight": null,
"selling_method": 0,
"price_decreased": false,
"reference_price": "16.000",
"min_bunch_amount": 1.0,
"reference_format": "kg",
"increment_bunch_amount": 1.0
}
},
{
"id": "22288",
"slug": "surtido-bombones-postres-senzza-dulce-leche-tarta-chocolate-nata-tiramisu-paquete",
"limit": 999,
"badges": {
"is_water": false,
"requires_age_check": false
},
"packaging": "Paquete",
"published": true,
"share_url": "https://tienda.mercadona.es/product/22288/surtido-bombones-postres-senzza-dulce-leche-tarta-chocolate-nata-tiramisu-paquete",
"thumbnail": "https://prod-mercadona.imgix.net/images/47d15e76243384f309b17ef695736734.jpg?fit=crop&h=300&w=300",
"categories": [
{
"id": 9,
"name": "Azúcar, caramelos y chocolate",
"level": 0,
"order": 11
}
],
"display_name": "Surtido bombones Postres Senzza de dulce de leche, tarta de chocolate y nata y tiramisú",
"price_instructions": {
"iva": 10,
"is_new": false,
"is_pack": false,
"pack_size": null,
"unit_name": "ud.",
"unit_size": 0.35,
"bulk_price": "8.43",
"unit_price": "2.95",
"approx_size": false,
"size_format": "kg",
"total_units": 30,
"unit_selector": true,
"bunch_selector": false,
"drained_weight": null,
"selling_method": 0,
"price_decreased": false,
"reference_price": "8.429",
"min_bunch_amount": 1.0,
"reference_format": "kg",
"increment_bunch_amount": 1.0
}
}
],
"published": true,
"is_extended": false
},
{
"id": 388,
"name": "Cremas de untar",
"order": 11,
"layout": 2,
"products": [
{
"id": "67416",
"slug": "crema-cacao-con-avellanas-hacendado-bote",
"limit": 999,
"badges": {
"is_water": false,
"requires_age_check": false
},
"packaging": "Bote",
"published": true,
"share_url": "https://tienda.mercadona.es/product/67416/crema-cacao-con-avellanas-hacendado-bote",
"thumbnail": "https://prod-mercadona.imgix.net/images/6b34f1531fe61de61b37840dcb4a4cd0.jpg?fit=crop&h=300&w=300",
"categories": [
{
"id": 9,
"name": "Azúcar, caramelos y chocolate",
"level": 0,
"order": 11
}
],
"display_name": "Crema al cacao con avellanas Hacendado",
"price_instructions": {
"iva": 10,
"is_new": false,
"is_pack": false,
"pack_size": null,
"unit_name": null,
"unit_size": 0.5,
"bulk_price": "3.30",
"unit_price": "1.65",
"approx_size": false,
"size_format": "kg",
"total_units": null,
"unit_selector": true,
"bunch_selector": false,
"drained_weight": null,
"selling_method": 0,
"price_decreased": false,
"reference_price": "3.300",
"min_bunch_amount": 1.0,
"reference_format": "kg",
"increment_bunch_amount": 1.0
}
},
{
"id": "22511",
"slug": "crema-avellanas-cacao-hacendado-bote",
"limit": 999,
"badges": {
"is_water": false,
"requires_age_check": false
},
"packaging": "Bote",
"published": true,
"share_url": "https://tienda.mercadona.es/product/22511/crema-avellanas-cacao-hacendado-bote",
"thumbnail": "https://prod-mercadona.imgix.net/images/c9dabe6c2eae0e1bec8c46d62faad4f4.jpg?fit=crop&h=300&w=300",
"categories": [
{
"id": 9,
"name": "Azúcar, caramelos y chocolate",
"level": 0,
"order": 11
}
],
"display_name": "Crema de avellanas y cacao Hacendado",
"price_instructions": {
"iva": 10,
"is_new": false,
"is_pack": false,
"pack_size": null,
"unit_name": null,
"unit_size": 0.4,
"bulk_price": "5.38",
"unit_price": "2.15",
"approx_size": false,
"size_format": "kg",
"total_units": null,
"unit_selector": true,
"bunch_selector": false,
"drained_weight": null,
"selling_method": 0,
"price_decreased": false,
"reference_price": "5.375",
"min_bunch_amount": 1.0,
"reference_format": "kg",
"increment_bunch_amount": 1.0
}
},
{
"id": "67409",
"slug": "crema-cacao-con-avellanas-nutella-tarro",
"limit": 999,
"badges": {
"is_water": false,
"requires_age_check": false
},
"packaging": "Tarro",
"published": true,
"share_url": "https://tienda.mercadona.es/product/67409/crema-cacao-con-avellanas-nutella-tarro",
"thumbnail": "https://prod-mercadona.imgix.net/images/f82c07bf281e51f59c5a5b9ca3419e47.jpg?fit=crop&h=300&w=300",
"categories": [
{
"id": 9,
"name": "Azúcar, caramelos y chocolate",
"level": 0,
"order": 11
}
],
"display_name": "Crema al cacao con avellanas Nutella",
"price_instructions": {
"iva": 10,
"is_new": false,
"is_pack": false,
"pack_size": null,
"unit_name": null,
"unit_size": 0.35,
"bulk_price": "9.11",
"unit_price": "3.19",
"approx_size": false,
"size_format": "kg",
"total_units": null,
"unit_selector": true,
"bunch_selector": false,
"drained_weight": null,
"selling_method": 0,
"price_decreased": false,
"reference_price": "9.115",
"min_bunch_amount": 1.0,
"reference_format": "kg",
"increment_bunch_amount": 1.0
}
},
{
"id": "67163",
"slug": "crema-cacao-con-avellanas-nocilla-original-tarro",
"limit": 999,
"badges": {
"is_water": false,
"requires_age_check": false
},
"packaging": "Tarro",
"published": true,
"share_url": "https://tienda.mercadona.es/product/67163/crema-cacao-con-avellanas-nocilla-original-tarro",
"thumbnail": "https://prod-mercadona.imgix.net/images/a511fe7726066fcb9e0bdc9e2c994d61.jpg?fit=crop&h=300&w=300",
"categories": [
{
"id": 9,
"name": "Azúcar, caramelos y chocolate",
"level": 0,
"order": 11
}
],
"display_name": "Crema al cacao con avellanas Nocilla original",
"price_instructions": {
"iva": 10,
"is_new": false,
"is_pack": false,
"pack_size": null,
"unit_name": null,
"unit_size": 0.36,
"bulk_price": "9.03",
"unit_price": "3.25",
"approx_size": false,
"size_format": "kg",
"total_units": null,
"unit_selector": true,
"bunch_selector": false,
"drained_weight": null,
"selling_method": 0,
"price_decreased": false,
"reference_price": "9.028",
"min_bunch_amount": 1.0,
"reference_format": "kg",
"increment_bunch_amount": 1.0
}
},
{
"id": "10286",
"slug": "dulce-leche-chimbote-tarro",
"limit": 999,
"badges": {
"is_water": false,
"requires_age_check": false
},
"packaging": "Tarro",
"published": true,
"share_url": "https://tienda.mercadona.es/product/10286/dulce-leche-chimbote-tarro",
"thumbnail": "https://prod-mercadona.imgix.net/images/9b32f08fdda4bb2611b49421e0dc0fc7.jpg?fit=crop&h=300&w=300",
"categories": [
{
"id": 9,
"name": "Azúcar, caramelos y chocolate",
"level": 0,
"order": 11
}
],
"display_name": "Dulce de leche Chimbote",
"price_instructions": {
"iva": 10,
"is_new": false,
"is_pack": false,
"pack_size": null,
"unit_name": null,
"unit_size": 0.43,
"bulk_price": "6.05",
"unit_price": "2.60",
"approx_size": false,
"size_format": "kg",
"total_units": null,
"unit_selector": true,
"bunch_selector": false,
"drained_weight": null,
"selling_method": 0,
"price_decreased": false,
"reference_price": "6.047",
"min_bunch_amount": 1.0,
"reference_format": "kg",
"increment_bunch_amount": 1.0
}
},
{
"id": "67417",
"slug": "crema-cacao-con-avellanas-hacendado-2-sabores-bote",
"limit": 999,
"badges": {
"is_water": false,
"requires_age_check": false
},
"packaging": "Bote",
"published": true,
"share_url": "https://tienda.mercadona.es/product/67417/crema-cacao-con-avellanas-hacendado-2-sabores-bote",
"thumbnail": "https://prod-mercadona.imgix.net/images/c6ca9786977e3ba9088f8949f4522964.jpg?fit=crop&h=300&w=300",
"categories": [
{
"id": 9,
"name": "Azúcar, caramelos y chocolate",
"level": 0,
"order": 11
}
],
"display_name": "Crema al cacao con avellanas Hacendado de 2 sabores",
"price_instructions": {
"iva": 10,
"is_new": false,
"is_pack": false,
"pack_size": null,
"unit_name": null,
"unit_size": 0.5,
"bulk_price": "3.30",
"unit_price": "1.65",
"approx_size": false,
"size_format": "kg",
"total_units": null,
"unit_selector": true,
"bunch_selector": false,
"drained_weight": null,
"selling_method": 0,
"price_decreased": false,
"reference_price": "3.300",
"min_bunch_amount": 1.0,
"reference_format": "kg",
"increment_bunch_amount": 1.0
}
},
{
"id": "67164",
"slug": "crema-cacao-leche-con-avellanas-nocilla-tarro",
"limit": 999,
"badges": {
"is_water": false,
"requires_age_check": false
},
"packaging": "Tarro",
"published": true,
"share_url": "https://tienda.mercadona.es/product/67164/crema-cacao-leche-con-avellanas-nocilla-tarro",
"thumbnail": "https://prod-mercadona.imgix.net/images/510cf8ecec0813212e8fdd4d2dc88a59.jpg?fit=crop&h=300&w=300",
"categories": [
{
"id": 9,
"name": "Azúcar, caramelos y chocolate",
"level": 0,
"order": 11
}
],
"display_name": "Crema al cacao y leche con avellanas Nocilla",
"price_instructions": {
"iva": 10,
"is_new": false,
"is_pack": false,
"pack_size": null,
"unit_name": null,
"unit_size": 0.36,
"bulk_price": "9.03",
"unit_price": "3.25",
"approx_size": false,
"size_format": "kg",
"total_units": null,
"unit_selector": true,
"bunch_selector": false,
"drained_weight": null,
"selling_method": 0,
"price_decreased": false,
"reference_price": "9.028",
"min_bunch_amount": 1.0,
"reference_format": "kg",
"increment_bunch_amount": 1.0
}
},
{
"id": "22836",
"slug": "crema-cacahuete-100-crunchy-hacendado-tarro",
"limit": 999,
"badges": {
"is_water": false,
"requires_age_check": false
},
"packaging": "Tarro",
"published": true,
"share_url": "https://tienda.mercadona.es/product/22836/crema-cacahuete-100-crunchy-hacendado-tarro",
"thumbnail": "https://prod-mercadona.imgix.net/images/f39c88ec7d559a22f5151132425da3f6.jpg?fit=crop&h=300&w=300",
"categories": [
{
"id": 9,
"name": "Azúcar, caramelos y chocolate",
"level": 0,
"order": 11
}
],
"display_name": "Crema de cacahuete 100% Crunchy Hacendado",
"price_instructions": {
"iva": 10,
"is_new": false,
"is_pack": false,
"pack_size": null,
"unit_name": null,
"unit_size": 0.5,
"bulk_price": "6.20",
"unit_price": "3.10",
"approx_size": false,
"size_format": "kg",
"total_units": null,
"unit_selector": true,
"bunch_selector": false,
"drained_weight": null,
"selling_method": 0,
"price_decreased": false,
"reference_price": "6.200",
"min_bunch_amount": 1.0,
"reference_format": "kg",
"increment_bunch_amount": 1.0
}
},
{
"id": "16883",
"slug": "crema-cacahuete-100-hacendado-tarro",
"limit": 999,
"badges": {
"is_water": false,
"requires_age_check": false
},
"packaging": "Tarro",
"published": true,
"share_url": "https://tienda.mercadona.es/product/16883/crema-cacahuete-100-hacendado-tarro",
"thumbnail": "https://prod-mercadona.imgix.net/images/dd559348dc3c1e5ccdbdf3056ad3e353.jpg?fit=crop&h=300&w=300",
"categories": [
{
"id": 9,
"name": "Azúcar, caramelos y chocolate",
"level": 0,
"order": 11
}
],
"display_name": "Crema de cacahuete 100% Hacendado",
"price_instructions": {
"iva": 10,
"is_new": false,
"is_pack": false,
"pack_size": null,
"unit_name": null,
"unit_size": 0.5,
"bulk_price": "6.20",
"unit_price": "3.10",
"approx_size": false,
"size_format": "kg",
"total_units": null,
"unit_selector": true,
"bunch_selector": false,
"drained_weight": null,
"selling_method": 0,
"price_decreased": false,
"reference_price": "6.200",
"min_bunch_amount": 1.0,
"reference_format": "kg",
"increment_bunch_amount": 1.0
}
},
{
"id": "22509",
"slug": "crema-leche-avellanas-hacendado-tarro",
"limit": 999,
"badges": {
"is_water": false,
"requires_age_check": false
},
"packaging": "Tarro",
"published": true,
"share_url": "https://tienda.mercadona.es/product/22509/crema-leche-avellanas-hacendado-tarro",
"thumbnail": "https://prod-mercadona.imgix.net/images/54df092b94b59490a89017532d7a5baa.jpg?fit=crop&h=300&w=300",
"categories": [
{
"id": 9,
"name": "Azúcar, caramelos y chocolate",
"level": 0,
"order": 11
}
],
"display_name": "Crema de leche y avellanas Hacendado",
"price_instructions": {
"iva": 10,
"is_new": false,
"is_pack": false,
"pack_size": null,
"unit_name": null,
"unit_size": 0.2,
"bulk_price": "7.50",
"unit_price": "1.50",
"approx_size": false,
"size_format": "kg",
"total_units": null,
"unit_selector": true,
"bunch_selector": false,
"drained_weight": null,
"selling_method": 0,
"price_decreased": false,
"reference_price": "7.500",
"min_bunch_amount": 1.0,
"reference_format": "kg",
"increment_bunch_amount": 1.0
}
}
],
"published": true,
"is_extended": false
}
],
"is_extended": false
}
